{"e":"trade","E":1702798597052,"s":"BTCUSDT","t":3324705798,"p":"41926.87000000","q":"0.00114000","b":23780240688,"a":23780239675,"T":1702798597051,"m":false,"M":true}
{"e":"trade","E":1702798597349,"s":"BTCUSDT","t":3324705799,"p":"41926.87000000","q":"0.00226000","b":23780240712,"a":23780239675,"T":1702798597349,"m":false,"M":true}
{"e":"trade","E":1702798597387,"s":"BTCUSDT","t":3324705800,"p":"41926.87000000","q":"0.02239000","b":23780240718,"a":23780239675,"T":1702798597387,"m":false,"M":true}
{"e":"trade","E":1702798598334,"s":"BTCUSDT","t":3324705801,"p":"41926.87000000","q":"0.02081000","b":23780240813,"a":23780239675,"T":1702798598333,"m":false,"M":true}
{"e":"trade","E":1702798598719,"s":"BTCUSDT","t":3324705803,"p":"41926.87000000","q":"0.00238000","b":23780240857,"a":23780239675,"T":1702798598719,"m":false,"M":true}
{"e":"trade","E":1702798598927,"s":"BTCUSDT","t":3324705804,"p":"41926.87000000","q":"0.00059000","b":23780240866,"a":23780239675,"T":1702798598927,"m":false,"M":true}
{"e":"trade","E":1702798600587,"s":"BTCUSDT","t":3324705806,"p":"41926.87000000","q":"0.00300000","b":23780240990,"a":23780239675,"T":1702798600586,"m":false,"M":true}
{"e":"trade","E":1702798601388,"s":"BTCUSDT","t":3324705808,"p":"41926.87000000","q":"0.02215000","b":23780241068,"a":23780239675,"T":1702798601388,"m":false,"M":true}
{"e":"trade","E":1702798601549,"s":"BTCUSDT","t":3324705809,"p":"41926.87000000","q":"0.09500000","b":23780241084,"a":23780239675,"T":1702798601548,"m":false,"M":true}
{"e":"trade","E":1702798601752,"s":"BTCUSDT","t":3324705811,"p":"41926.87000000","q":"0.00608000","b":23780241093,"a":23780239675,"T":1702798601751,"m":false,"M":true}
{"e":"trade","E":1702798602154,"s":"BTCUSDT","t":3324705814,"p":"41926.87000000","q":"0.00059000","b":23780241114,"a":23780239675,"T":1702798602154,"m":false,"M":true}
{"e":"trade","E":1702798602319,"s":"BTCUSDT","t":3324705815,"p":"41926.87000000","q":"0.00028000","b":23780241122,"a":23780239675,"T":1702798602318,"m":false,"M":true}
{"e":"trade","E":1702798602905,"s":"BTCUSDT","t":3324705816,"p":"41926.87000000","q":"0.09047000","b":23780241151,"a":23780239675,"T":1702798602904,"m":false,"M":true}
{"e":"trade","E":1702798602905,"s":"BTCUSDT","t":3324705817,"p":"41926.87000000","q":"0.11709000","b":23780241151,"a":23780240012,"T":1702798602904,"m":false,"M":true}
{"e":"trade","E":1702798602905,"s":"BTCUSDT","t":3324705818,"p":"41926.87000000","q":"0.07305000","b":23780241151,"a":23780240018,"T":1702798602904,"m":false,"M":true}
{"e":"trade","E":1702798603265,"s":"BTCUSDT","t":3324705820,"p":"41926.87000000","q":"0.13596000","b":23780241197,"a":23780240018,"T":1702798603265,"m":false,"M":true}
