{"e":"trade","E":1702798596164,"s":"BTCUSDT","t":3324705797,"p":"41926.86000000","q":"0.01239000","b":23780239989,"a":23780240634,"T":1702798596162,"m":true,"M":true}
{"e":"trade","E":1702798598588,"s":"BTCUSDT","t":3324705802,"p":"41926.86000000","q":"0.00175000","b":23780239989,"a":23780240849,"T":1702798598587,"m":true,"M":true}
{"e":"trade","E":1702798599555,"s":"BTCUSDT","t":3324705805,"p":"41926.86000000","q":"0.00119000","b":23780239989,"a":23780240895,"T":1702798599554,"m":true,"M":true}
{"e":"trade","E":1702798600829,"s":"BTCUSDT","t":3324705807,"p":"41926.86000000","q":"0.00028000","b":23780239989,"a":23780241015,"T":1702798600828,"m":true,"M":true}
{"e":"trade","E":1702798601655,"s":"BTCUSDT","t":3324705810,"p":"41926.86000000","q":"0.00183000","b":23780239989,"a":23780241092,"T":1702798601654,"m":true,"M":true}
{"e":"trade","E":1702798601955,"s":"BTCUSDT","t":3324705812,"p":"41926.86000000","q":"0.00091000","b":23780239989,"a":23780241099,"T":1702798601954,"m":true,"M":true}
{"e":"trade","E":1702798602134,"s":"BTCUSDT","t":3324705813,"p":"41926.86000000","q":"0.00100000","b":23780239989,"a":23780241113,"T":1702798602133,"m":true,"M":true}
{"e":"trade","E":1702798603083,"s":"BTCUSDT","t":3324705819,"p":"41926.86000000","q":"0.11731000","b":23780239989,"a":23780241169,"T":1702798603082,"m":true,"M":true}
{"e":"trade","E":1702798603963,"s":"BTCUSDT","t":3324705821,"p":"41926.86000000","q":"0.00100000","b":23780239993,"a":23780241390,"T":1702798603915,"m":true,"M":true}
{"e":"trade","E":1702798603963,"s":"BTCUSDT","t":3324705822,"p":"41926.86000000","q":"0.01670000","b":23780240064,"a":23780241390,"T":1702798603915,"m":true,"M":true}
{"e":"trade","E":1702798603963,"s":"BTCUSDT","t":3324705823,"p":"41926.86000000","q":"0.00153000","b":23780240068,"a":23780241390,"T":1702798603915,"m":true,"M":true}
{"e":"trade","E":1702798603963,"s":"BTCUSDT","t":3324705824,"p":"41926.86000000","q":"0.00020000","b":23780240923,"a":23780241390,"T":1702798603915,"m":true,"M":true}
{"e":"trade","E":1702798603963,"s":"BTCUSDT","t":3324705825,"p":"41926.86000000","q":"0.00041000","b":23780241041,"a":23780241390,"T":1702798603915,"m":true,"M":true}
{"e":"trade","E":1702798603963,"s":"BTCUSDT","t":3324705826,"p":"41926.86000000","q":"0.00141000","b":23780241227,"a":23780241390,"T":1702798603915,"m":true,"M":true}
{"e":"trade","E":1702798603963,"s":"BTCUSDT","t":3324705827,"p":"41926.85000000","q":"0.01070000","b":23780240984,"a":23780241390,"T":1702798603915,"m":true,"M":true}
{"e":"trade","E":1702798603963,"s":"BTCUSDT","t":3324705828,"p":"41926.85000000","q":"0.01070000","b":23780240984,"a":23780241390,"T":1702798603915,"m":true,"M":true}
{"e":"trade","E":1702798603963,"s":"BTCUSDT","t":3324705829,"p":"41926.85000000","q":"0.01070000","b":23780240984,"a":23780241390,"T":1702798603915,"m":true,"M":true}
{"e":"trade","E":1702798603963,"s":"BTCUSDT","t":3324705830,"p":"41926.85000000","q":"0.01070000","b":23780240984,"a":23780241390,"T":1702798603915,"m":true,"M":true}
{"e":"trade","E":1702798603963,"s":"BTCUSDT","t":3324705831,"p":"41926.85000000","q":"0.01070000","b":23780240984,"a":23780241390,"T":1702798603915,"m":true,"M":true}
{"e":"trade","E":1702798603963,"s":"BTCUSDT","t":3324705832,"p":"41926.85000000","q":"0.01070000","b":23780240984,"a":23780241390,"T":1702798603915,"m":true,"M":true}
{"e":"trade","E":1702798603963,"s":"BTCUSDT","t":3324705833,"p":"41926.85000000","q":"0.01070000","b":23780240984,"a":23780241390,"T":1702798603915,"m":true,"M":true}
{"e":"trade","E":1702798603963,"s":"BTCUSDT","t":3324705834,"p":"41926.85000000","q":"0.01070000","b":23780240984,"a":23780241390,"T":1702798603915,"m":true,"M":true}
{"e":"trade","E":1702798603963,"s":"BTCUSDT","t":3324705835,"p":"41926.85000000","q":"0.01070000","b":23780240984,"a":23780241390,"T":1702798603915,"m":true,"M":true}
{"e":"trade","E":1702798603963,"s":"BTCUSDT","t":3324705836,"p":"41926.85000000","q":"0.01064000","b":23780240984,"a":23780241390,"T":1702798603915,"m":true,"M":true}
{"e":"trade","E":1702798603963,"s":"BTCUSDT","t":3324705837,"p":"41926.84000000","q":"0.00721000","b":23780240359,"a":23780241390,"T":1702798603915,"m":true,"M":true}
{"e":"trade","E":1702798604087,"s":"BTCUSDT","t":3324705838,"p":"41926.83000000","q":"0.00034000","b":23780237296,"a":23780241540,"T":1702798604086,"m":true,"M":true}
{"e":"trade","E":1702798604087,"s":"BTCUSDT","t":3324705839,"p":"41926.83000000","q":"0.00681000","b":23780237683,"a":23780241540,"T":1702798604086,"m":true,"M":true}
{"e":"trade","E":1702798604087,"s":"BTCUSDT","t":3324705840,"p":"41926.83000000","q":"0.00681000","b":23780237686,"a":23780241540,"T":1702798604086,"m":true,"M":true}
{"e":"trade","E":1702798604087,"s":"BTCUSDT","t":3324705841,"p":"41926.83000000","q":"0.02730000","b":23780237809,"a":23780241540,"T":1702798604086,"m":true,"M":true}
