{"e":"depthUpdate","E":1702798595858,"s":"BTCUSDT","U":41239690636,"u":41239690646,"b":[["41922.69000000","0.02146000"],["41919.15000000","0.00000000"],["41855.06000000","0.00000000"],["41849.80000000","0.07377000"],["38572.69000000","0.00000000"],["37734.00000000","0.00025000"]],"a":[["41926.87000000","3.04569000"],["41930.00000000","0.07057000"],["41931.04000000","0.02701000"],["41937.90000000","0.41865000"]]}
{"e":"depthUpdate","E":1702798595958,"s":"BTCUSDT","U":41239690647,"u":41239690649,"b":[["41922.69000000","0.00000000"],["40500.00000000","173.43295000"]],"a":[["41929.99000000","0.04234000"]]}
{"e":"depthUpdate","E":1702798596058,"s":"BTCUSDT","U":41239690650,"u":41239690655,"b":[["41926.86000000","5.96972000"],["41922.69000000","0.02182000"],["41903.27000000","0.02184000"],["41326.86000000","0.00100000"],["20963.43000000","0.00057000"]],"a":[]}
{"e":"depthUpdate","E":1702798596158,"s":"BTCUSDT","U":41239690656,"u":41239690657,"b":[["41922.69000000","0.00000000"]],"a":[["41944.43000000","0.07200000"]]}
{"e":"depthUpdate","E":1702798596258,"s":"BTCUSDT","U":41239690658,"u":41239690662,"b":[["41926.86000000","5.95733000"],["41922.69000000","0.02341000"],["41910.99000000","0.00000000"],["15109.92000000","0.00000000"],["15102.33000000","0.00000000"],["15102.32000000","0.00000000"],["15101.53000000","0.00000000"],["15100.05000000","0.00000000"]],"a":[["41931.04000000","0.00077000"]]}
{"e":"depthUpdate","E":1702798596358,"s":"BTCUSDT","U":41239690663,"u":41239690670,"b":[["41922.69000000","0.00000000"],["41903.27000000","0.00000000"],["41894.89000000","0.98032000"],["41886.40000000","0.00000000"],["41507.60000000","0.00313000"],["41026.86000000","0.00100000"]],"a":[["41926.87000000","3.03702000"],["41931.04000000","0.02517000"]]}
{"e":"depthUpdate","E":1702798596458,"s":"BTCUSDT","U":41239690671,"u":41239690677,"b":[["41922.69000000","0.02382000"],["41817.23000000","0.00014000"]],"a":[["41926.87000000","3.04573000"],["41931.04000000","0.00077000"],["41931.22000000","0.09538000"],["42237.51000000","0.00014000"]]}
{"e":"depthUpdate","E":1702798596558,"s":"BTCUSDT","U":41239690678,"u":41239690680,"b":[],"a":[["41931.04000000","0.02464000"],["41941.50000000","0.61482000"],["41956.12000000","0.00000000"]]}
{"e":"depthUpdate","E":1702798596658,"s":"BTCUSDT","U":41239690681,"u":41239690688,"b":[["41926.86000000","5.95766000"],["41857.52000000","0.00000000"],["41852.59000000","0.02330000"],["20963.43000000","0.00057000"]],"a":[["41926.87000000","3.74278000"],["41931.04000000","0.00077000"],["41931.22000000","0.00000000"],["42226.86000000","0.00129000"]]}
{"e":"depthUpdate","E":1702798596758,"s":"BTCUSDT","U":41239690689,"u":41239690696,"b":[["41922.69000000","0.00000000"],["41903.57000000","0.00000000"],["41903.47000000","0.00208000"],["41895.19000000","0.02184000"],["41895.09000000","0.00000000"],["41894.89000000","0.95848000"]],"a":[["41931.04000000","0.02441000"],["41943.55000000","0.00000000"],["42226.85000000","0.01200000"]]}
{"e":"depthUpdate","E":1702798596858,"s":"BTCUSDT","U":41239690697,"u":41239690709,"b":[["41922.69000000","0.02331000"],["41916.81000000","0.00000000"],["41916.51000000","0.65147000"],["41912.26000000","0.00000000"],["41903.77000000","0.00000000"],["41903.67000000","0.00000000"],["41895.19000000","0.00000000"],["41869.04000000","0.02184000"]],"a":[["41940.48000000","0.00000000"],["41941.49000000","0.07200000"],["41944.43000000","0.00000000"]]}
{"e":"depthUpdate","E":1702798596958,"s":"BTCUSDT","U":41239690710,"u":41239690717,"b":[["41922.69000000","0.00000000"],["41920.84000000","0.00000000"],["41912.36000000","0.00000000"],["41912.26000000","0.00000000"],["41869.04000000","0.02184000"],["41507.60000000","0.00000000"]],"a":[]}
{"e":"depthUpdate","E":1702798597058,"s":"BTCUSDT","U":41239690718,"u":41239690731,"b":[["41926.69000000","0.00050000"],["41922.69000000","0.02315000"],["41916.51000000","0.00000000"],["41877.62000000","0.00000000"],["41877.52000000","0.00000000"],["41869.24000000","0.02184000"],["41869.14000000","0.00000000"],["41869.04000000","0.00000000"],["41507.60000000","0.00313000"]],"a":[["41926.87000000","3.74164000"],["41926.94000000","0.00050000"]]}
{"e":"depthUpdate","E":1702798597158,"s":"BTCUSDT","U":41239690732,"u":41239690738,"b":[["41922.69000000","0.00000000"],["41922.31000000","0.65138000"],["41886.30000000","0.44049000"],["41877.72000000","0.00000000"],["41869.24000000","0.00000000"]],"a":[["42106.70000000","0.50000000"]]}
{"e":"depthUpdate","E":1702798597258,"s":"BTCUSDT","U":41239690739,"u":41239690747,"b":[["41922.69000000","0.02191000"],["41915.55000000","6.13012000"],["41903.37000000","0.00000000"],["41894.89000000","0.95848000"],["41886.50000000","0.02184000"],["41886.30000000","0.41865000"],["20963.43000000","0.00057000"]],"a":[["41941.73000000","0.39758000"],["41941.84000000","0.71553000"]]}
{"e":"depthUpdate","E":1702798597358,"s":"BTCUSDT","U":41239690748,"u":41239690758,"b":[["41926.86000000","5.95766000"],["41922.69000000","0.00000000"],["41915.76000000","3.58810000"],["41895.09000000","0.02184000"],["41894.99000000","0.00000000"],["41886.60000000","0.00000000"],["41886.50000000","0.00000000"]],"a":[["41926.87000000","3.73938000"],["42526.86000000","0.00100000"]]}
{"e":"depthUpdate","E":1702798597458,"s":"BTCUSDT","U":41239690759,"u":41239690777,"b":[["41926.86000000","5.95766000"],["41922.69000000","0.02109000"],["41912.16000000","0.00000000"],["41903.87000000","0.02184000"],["41903.67000000","0.00000000"],["41903.57000000","0.00000000"],["41895.39000000","0.00000000"],["41895.29000000","0.00000000"],["41895.19000000","0.00000000"],["41895.09000000","0.00000000"]],"a":[["41926.87000000","3.71699000"],["41931.24000000","0.09537000"],["42106.69000000","0.01200000"],["42226.85000000","0.00000000"]]}
{"e":"depthUpdate","E":1702798597558,"s":"BTCUSDT","U":41239690778,"u":41239690793,"b":[["41926.86000000","6.45766000"],["41922.69000000","0.00000000"],["41903.87000000","0.00000000"],["41895.49000000","0.02184000"],["41895.39000000","0.00000000"],["41656.20000000","0.00000000"],["41507.60000000","0.00000000"]],"a":[["41926.87000000","3.21699000"],["41930.00000000","0.00077000"],["41941.50000000","0.00000000"],["41943.56000000","0.00000000"],["41956.11000000","0.62742000"]]}
{"e":"depthUpdate","E":1702798597659,"s":"BTCUSDT","U":41239690794,"u":41239690806,"b":[["41922.69000000","0.02250000"],["41912.36000000","0.00000000"],["41895.49000000","0.00000000"],["41886.11000000","0.02184000"],["41877.52000000","0.00000000"],["41869.04000000","0.00000000"],["41507.60000000","0.00313000"]],"a":[["41929.99000000","0.00000000"],["41931.04000000","0.00077000"],["41931.24000000","0.00000000"],["41933.78000000","0.00000000"],["41933.91000000","0.00000000"],["42826.86000000","0.00100000"]]}
{"e":"depthUpdate","E":1702798597759,"s":"BTCUSDT","U":41239690807,"u":41239690819,"b":[["41903.07000000","0.00000000"],["41894.59000000","0.00000000"],["41886.20000000","0.02184000"],["41886.11000000","0.00000000"],["41877.72000000","0.00000000"],["41877.62000000","0.00000000"],["41869.04000000","0.00000000"]],"a":[["41931.04000000","0.02442000"],["41934.85000000","0.00429000"],["41934.96000000","0.00454000"],["41936.00000000","0.00000000"]]}
{"e":"depthUpdate","E":1702798597859,"s":"BTCUSDT","U":41239690820,"u":41239690838,"b":[["41926.86000000","5.95814000"],["41923.66000000","0.06980000"],["41922.00000000","0.21900000"],["41886.30000000","0.41865000"],["41886.20000000","0.00000000"],["41877.82000000","0.00000000"],["41870.23000000","0.00000000"],["37734.00000000","0.00025000"],["20963.43000000","0.00057000"]],"a":[["41926.87000000","3.62073000"],["41931.04000000","0.00077000"],["41937.07000000","0.00559000"]]}
{"e":"depthUpdate","E":1702798597959,"s":"BTCUSDT","U":41239690839,"u":41239690842,"b":[["41926.86000000","6.45766000"]],"a":[["41926.87000000","3.12073000"],["41931.04000000","0.02340000"]]}
{"e":"depthUpdate","E":1702798598059,"s":"BTCUSDT","U":41239690843,"u":41239690855,"b":[["41926.86000000","7.89867000"],["41922.14000000","0.00000000"],["41920.54000000","0.07943000"],["41913.66000000","0.00048000"],["41877.72000000","0.02184000"],["41869.93000000","0.50000000"],["41869.24000000","0.00000000"],["10471.40000000","0.00143000"]],"a":[["41931.04000000","0.00077000"],["41944.51000000","0.02385000"]]}
{"e":"depthUpdate","E":1702798598159,"s":"BTCUSDT","U":41239690856,"u":41239690870,"b":[["41922.69000000","0.00000000"],["41913.66000000","0.00000000"],["41894.89000000","0.98032000"],["41886.40000000","0.00000000"],["41886.30000000","0.41865000"],["41877.82000000","0.00000000"],["41877.72000000","0.00000000"],["41869.45000000","0.57380000"],["41868.48000000","0.00000000"],["41507.60000000","0.00000000"]],"a":[["41931.04000000","0.02463000"],["41943.68000000","0.02776000"],["41944.54000000","0.00000000"],["41944.63000000","0.11797000"]]}
{"e":"depthUpdate","E":1702798598259,"s":"BTCUSDT","U":41239690871,"u":41239690888,"b":[["41926.86000000","7.89985000"],["41922.69000000","0.02374000"],["41912.06000000","0.02246000"],["41903.57000000","0.00000000"],["41903.47000000","0.00208000"],["41894.99000000","0.00000000"],["41894.89000000","0.95848000"],["41886.40000000","0.00000000"],["41882.20000000","0.00825000"],["41640.07000000","0.00018000"],["41507.60000000","0.00313000"]],"a":[["41926.87000000","2.42368000"],["41927.29000000","0.00000000"],["41931.04000000","0.00077000"],["41943.67000000","0.01200000"],["41944.51000000","0.00000000"],["42106.69000000","0.00000000"]]}
{"e":"depthUpdate","E":1702798598359,"s":"BTCUSDT","U":41239690889,"u":41239690906,"b":[["41926.86000000","7.89937000"],["41924.87000000","0.06980000"],["41922.10000000","0.00048000"],["41920.64000000","0.00062000"],["41920.54000000","0.07943000"],["41912.16000000","0.02184000"],["41912.06000000","0.00062000"],["41903.57000000","0.00000000"]],"a":[["41926.87000000","2.40287000"],["41931.04000000","0.02445000"],["41940.48000000","0.00954000"],["41944.63000000","0.07000000"],["42169.60000000","0.50000000"]]}
{"e":"depthUpdate","E":1702798598459,"s":"BTCUSDT","U":41239690907,"u":41239690922,"b":[["41926.86000000","7.89986000"],["41925.92000000","0.06995000"],["41922.10000000","0.00000000"],["41920.64000000","0.00062000"],["41912.16000000","0.00000000"],["41886.40000000","0.00000000"],["41878.02000000","0.02184000"],["41877.92000000","0.00000000"],["41869.54000000","0.00000000"],["41869.44000000","0.95624000"],["41869.34000000","0.00000000"],["20963.43000000","0.00057000"]],"a":[["41931.04000000","0.00077000"],["41944.65000000","0.05000000"],["41948.84000000","0.07000000"]]}
{"e":"depthUpdate","E":1702798598559,"s":"BTCUSDT","U":41239690923,"u":41239690939,"b":[["41926.86000000","7.39986000"],["41925.92000000","0.00015000"],["41895.29000000","0.02184000"],["41886.70000000","0.00000000"],["41886.60000000","0.00000000"],["41878.22000000","0.00000000"],["41878.12000000","0.00000000"],["41878.02000000","0.00000000"],["41869.34000000","0.00000000"]],"a":[["41926.87000000","2.90287000"],["41929.05000000","0.08441000"],["41930.08000000","0.00015000"],["41931.04000000","0.02172000"],["41931.22000000","0.09538000"]]}
{"e":"depthUpdate","E":1702798598659,"s":"BTCUSDT","U":41239690940,"u":41239690952,"b":[["41926.86000000","7.39811000"],["41924.87000000","0.00000000"],["41895.29000000","0.00000000"],["41886.80000000","0.00000000"],["41869.34000000","0.00000000"],["41230.07000000","0.00017000"]],"a":[["41927.29000000","0.20323000"],["41928.00000000","0.02368000"],["41929.04000000","0.05086000"],["41929.05000000","0.00000000"],["41931.04000000","0.00077000"]]}
{"e":"depthUpdate","E":1702798598759,"s":"BTCUSDT","U":41239690953,"u":41239690960,"b":[["41922.69000000","0.00000000"],["41507.60000000","0.00000000"]],"a":[["41926.87000000","2.90049000"],["41929.04000000","0.00015000"],["41931.04000000","0.02337000"],["41944.27000000","0.02385000"],["41951.38000000","0.11440000"]]}
{"e":"depthUpdate","E":1702798598859,"s":"BTCUSDT","U":41239690961,"u":41239690965,"b":[["41926.86000000","7.39762000"],["41922.69000000","0.02423000"],["41922.14000000","0.00048000"],["41507.60000000","0.00313000"]],"a":[["41931.04000000","0.00077000"]]}
{"e":"depthUpdate","E":1702798598959,"s":"BTCUSDT","U":41239690966,"u":41239690975,"b":[["41926.86000000","7.39810000"],["41922.14000000","0.00000000"]],"a":[["41926.87000000","2.89990000"],["41931.04000000","0.02396000"],["41940.48000000","0.00000000"],["41957.89000000","0.16000000"],["41969.64000000","0.00000000"]]}
{"e":"depthUpdate","E":1702798599059,"s":"BTCUSDT","U":41239690976,"u":41239690986,"b":[["41926.86000000","7.89810000"],["41913.66000000","0.00048000"],["41912.56000000","0.02184000"],["20963.43000000","0.00057000"]],"a":[["41926.87000000","2.39990000"],["41931.04000000","0.00077000"],["41931.22000000","0.00000000"],["41941.72000000","0.00000000"],["41947.87000000","0.04797000"],["41957.88000000","0.01220000"],["41973.68000000","0.64000000"]]}
{"e":"depthUpdate","E":1702798599159,"s":"BTCUSDT","U":41239690987,"u":41239690995,"b":[["41926.86000000","7.39810000"],["41923.66000000","0.00000000"],["41705.50000000","0.96000000"],["36228.86000000","0.00014000"]],"a":[["41926.87000000","2.89990000"],["41931.04000000","0.02329000"],["41973.67000000","0.38408000"]]}
{"e":"depthUpdate","E":1702798599259,"s":"BTCUSDT","U":41239690996,"u":41239691000,"b":[["41926.86000000","7.39762000"],["41922.07000000","0.00049000"],["41855.51000000","0.02329000"],["41852.59000000","0.00000000"]],"a":[["41931.04000000","0.00077000"],["41944.27000000","0.00000000"]]}
{"e":"depthUpdate","E":1702798599359,"s":"BTCUSDT","U":41239691001,"u":41239691005,"b":[["41912.56000000","0.00000000"],["41886.22000000","0.16000000"],["41874.50000000","0.00000000"],["41869.34000000","0.02184000"],["41507.60000000","0.00000000"],["10471.40000000","0.00000000"]],"a":[["41931.04000000","0.02397000"]]}
{"e":"depthUpdate","E":1702798599459,"s":"BTCUSDT","U":41239691006,"u":41239691013,"b":[["41926.86000000","7.89762000"],["41882.68000000","0.00041000"],["41507.60000000","0.00313000"],["41494.85000000","0.00927000"]],"a":[["41926.87000000","2.39990000"],["41933.35000000","0.47739000"],["41940.07000000","0.00000000"],["41973.26000000","1.28000000"]]}
{"e":"depthUpdate","E":1702798599559,"s":"BTCUSDT","U":41239691014,"u":41239691020,"b":[["41926.86000000","7.89643000"],["41922.69000000","0.00000000"],["41877.92000000","0.02184000"],["41869.34000000","0.00000000"]],"a":[["41926.87000000","2.39205000"],["41931.04000000","0.00077000"],["41931.24000000","0.09537000"],["41973.67000000","0.00000000"]]}
{"e":"depthUpdate","E":1702798599659,"s":"BTCUSDT","U":41239691021,"u":41239691030,"b":[["41922.69000000","0.02460000"],["41922.46000000","0.47813000"],["41922.14000000","0.00000000"],["41922.07000000","0.00000000"],["41915.66000000","0.00000000"],["20963.43000000","0.00057000"]],"a":[["41926.87000000","2.39994000"],["41931.04000000","0.02387000"],["42043.79000000","0.50000000"]]}
{"e":"depthUpdate","E":1702798599760,"s":"BTCUSDT","U":41239691031,"u":41239691036,"b":[["41926.86000000","7.89692000"],["41886.60000000","0.00000000"],["41886.50000000","0.00000000"],["41878.12000000","0.02184000"],["41877.92000000","0.00000000"]],"a":[["41931.04000000","0.00077000"]]}
{"e":"depthUpdate","E":1702798599860,"s":"BTCUSDT","U":41239691037,"u":41239691047,"b":[["41903.67000000","0.02184000"],["41895.19000000","0.00000000"],["41886.80000000","0.00000000"],["41886.70000000","0.00000000"],["41886.60000000","0.00000000"],["41878.22000000","0.00000000"],["41878.12000000","0.00000000"],["41869.34000000","0.00000000"]],"a":[["41931.04000000","0.02324000"]]}
{"e":"depthUpdate","E":1702798599960,"s":"BTCUSDT","U":41239691048,"u":41239691065,"b":[["41926.86000000","7.89643000"],["41925.14000000","0.00000000"],["41922.15000000","0.00048000"],["41912.26000000","0.00000000"],["41903.77000000","0.02184000"],["41903.67000000","0.00000000"],["41507.60000000","0.00313000"],["40660.46000000","0.00000000"],["37734.00000000","0.00025000"],["10471.40000000","0.00143000"]],"a":[["41926.87000000","2.39994000"],["41931.04000000","0.00077000"]]}
{"e":"depthUpdate","E":1702798600060,"s":"BTCUSDT","U":41239691066,"u":41239691081,"b":[["41926.86000000","7.89691000"],["41925.99000000","0.06980000"],["41922.15000000","0.00000000"],["41912.36000000","0.02184000"],["41912.26000000","0.00000000"],["41903.77000000","0.00000000"],["41882.68000000","0.00000000"],["41869.34000000","0.00000000"]],"a":[["41927.29000000","0.00000000"],["41931.04000000","0.02335000"],["41941.51000000","0.63078000"],["41956.11000000","0.00000000"]]}
{"e":"depthUpdate","E":1702798600160,"s":"BTCUSDT","U":41239691082,"u":41239691089,"b":[["41926.76000000","0.06980000"],["41920.84000000","0.00000000"],["41912.36000000","0.00000000"],["41869.34000000","0.02184000"],["40669.05000000","0.00035000"]],"a":[["41931.04000000","0.00077000"],["41973.25000000","0.76809000"]]}
{"e":"depthUpdate","E":1702798600260,"s":"BTCUSDT","U":41239691090,"u":41239691099,"b":[["41913.66000000","0.00000000"],["41886.40000000","0.02184000"],["41877.92000000","0.00000000"],["41877.82000000","0.00000000"],["41869.34000000","0.00000000"],["20963.43000000","0.00057000"]],"a":[["41927.19000000","0.00000000"],["41931.04000000","0.02026000"],["41932.24000000","0.28272000"]]}
{"e":"depthUpdate","E":1702798600360,"s":"BTCUSDT","U":41239691100,"u":41239691120,"b":[["41917.37000000","0.35811000"],["41916.28000000","0.32485000"],["41915.21000000","0.00000000"],["41913.98000000","0.01002000"],["41913.39000000","0.00000000"],["41906.91000000","1.52343000"],["41904.83000000","0.86830000"],["41886.50000000","0.02184000"],["41886.40000000","0.00000000"],["41878.02000000","0.00000000"],["41752.80000000","0.00000000"]],"a":[["41926.87000000","2.40032000"],["41931.04000000","0.00077000"],["41934.85000000","0.00000000"],["41934.96000000","0.00000000"],["41937.07000000","0.00000000"],["41938.09000000","0.31668000"],["41941.51000000","0.00000000"],["41941.68000000","0.00000000"],["41942.32000000","0.64708000"]]}
{"e":"depthUpdate","E":1702798600460,"s":"BTCUSDT","U":41239691121,"u":41239691140,"b":[["41918.21000000","6.06381000"],["41915.55000000","0.00252000"],["41895.19000000","0.00000000"],["41886.70000000","0.00000000"],["41886.50000000","0.00000000"],["41878.02000000","0.02184000"],["41877.82000000","0.00000000"],["41869.54000000","0.00000000"],["41869.34000000","0.00000000"],["41507.60000000","0.00313000"],["40913.61000000","0.00131000"]],"a":[["41926.87000000","2.23906000"],["41931.04000000","0.01659000"],["41936.30000000","0.02816000"],["41936.38000000","0.00454000"],["41938.41000000","0.00559000"],["41942.31000000","0.01200000"],["41957.88000000","0.00020000"]]}
{"e":"depthUpdate","E":1702798600560,"s":"BTCUSDT","U":41239691141,"u":41239691153,"b":[["41926.85000000","0.01070000"],["41918.56000000","3.58913000"],["41915.76000000","0.72009000"],["41878.12000000","0.02184000"],["41878.02000000","0.00000000"],["41869.54000000","0.00000000"]],"a":[["41926.87000000","2.23809000"],["41931.04000000","0.00077000"],["41931.24000000","0.09537000"],["41931.46000000","0.00048000"],["41937.90000000","0.00000000"],["43526.84000000","0.00030000"]]}
{"e":"depthUpdate","E":1702798600660,"s":"BTCUSDT","U":41239691154,"u":41239691168,"b":[["41926.86000000","7.88972000"],["41895.09000000","0.00000000"],["41886.60000000","0.00000000"],["41878.22000000","0.00000000"],["41878.12000000","0.00000000"],["41877.92000000","0.02184000"],["41869.44000000","0.95624000"]],"a":[["41926.87000000","2.23544000"],["41931.04000000","0.01489000"],["41931.24000000","0.09585000"],["42146.70000000","0.00000000"]]}
{"e":"depthUpdate","E":1702798600760,"s":"BTCUSDT","U":41239691169,"u":41239691179,"b":[["41926.86000000","7.89676000"],["41886.70000000","0.02184000"],["41886.60000000","0.00000000"],["41886.50000000","0.00000000"],["41878.22000000","0.00000000"],["41878.12000000","0.00000000"],["41877.92000000","0.00000000"],["41869.34000000","0.00000000"]],"a":[["41926.87000000","2.23495000"],["41931.04000000","0.00077000"],["41931.24000000","0.09537000"],["41931.48000000","0.00048000"]]}
{"e":"depthUpdate","E":1702798600860,"s":"BTCUSDT","U":41239691180,"u":41239691195,"b":[["41926.86000000","7.89648000"],["41903.87000000","0.02184000"],["41903.77000000","0.00000000"],["41895.29000000","0.00000000"],["41886.80000000","0.00000000"],["41886.70000000","0.00000000"],["38572.69000000","0.00026000"],["20963.43000000","0.00057000"]],"a":[["41928.14000000","0.16150000"],["41931.04000000","0.01093000"],["41931.08000000","0.05396000"],["41931.25000000","0.00000000"],["41931.48000000","0.00000000"],["41932.24000000","0.00015000"]]}
{"e":"depthUpdate","E":1702798600960,"s":"BTCUSDT","U":41239691196,"u":41239691207,"b":[["41903.87000000","0.00000000"],["41297.92000000","0.00000000"]],"a":[["41926.87000000","2.23592000"],["41927.70000000","0.05418000"],["41928.13000000","0.09693000"],["41928.14000000","0.00000000"],["41931.04000000","0.00077000"],["41931.25000000","0.00000000"],["41937.90000000","0.41865000"],["42555.75000000","0.00000000"]]}
{"e":"depthUpdate","E":1702798601060,"s":"BTCUSDT","U":41239691208,"u":41239691223,"b":[["41926.76000000","0.00000000"],["41878.02000000","0.00000000"],["41877.92000000","0.00000000"],["41869.54000000","0.02184000"],["41869.44000000","0.95624000"],["41507.60000000","0.00313000"]],"a":[["41926.87000000","2.23640000"],["41927.24000000","0.15643000"],["41927.70000000","0.00000000"],["41928.13000000","0.00000000"],["41929.97000000","0.24995000"],["41931.04000000","0.02036000"],["41931.08000000","0.00000000"],["41931.46000000","0.00000000"]]}
{"e":"depthUpdate","E":1702798601160,"s":"BTCUSDT","U":41239691224,"u":41239691235,"b":[["41926.86000000","7.89689000"],["41886.60000000","0.02184000"],["41878.12000000","0.00000000"],["41878.02000000","0.00000000"],["41869.54000000","0.00000000"],["41869.44000000","0.95624000"],["10471.40000000","0.00000000"]],"a":[["41929.03000000","0.08815000"],["41929.96000000","0.15001000"],["41929.97000000","0.00000000"],["41931.04000000","0.00077000"]]}
{"e":"depthUpdate","E":1702798601260,"s":"BTCUSDT","U":41239691236,"u":41239691247,"b":[["41895.29000000","0.02184000"],["41895.19000000","0.00000000"],["41886.70000000","0.00000000"],["41886.60000000","0.00000000"],["41878.22000000","0.00000000"],["41877.82000000","0.00000000"],["41869.34000000","0.00000000"],["41005.57000000","0.00058000"]],"a":[["41929.02000000","0.05294000"],["41929.96000000","0.00000000"],["41931.04000000","0.02265000"]]}
{"e":"depthUpdate","E":1702798601360,"s":"BTCUSDT","U":41239691248,"u":41239691259,"b":[["41925.99000000","0.00000000"],["41923.73000000","0.06980000"],["41903.77000000","0.00000000"],["41895.29000000","0.00000000"],["41877.92000000","0.02184000"],["41877.82000000","0.00000000"],["41869.44000000","0.95624000"],["41869.34000000","0.00000000"]],"a":[["41931.04000000","0.00077000"],["42670.00000000","0.00228000"]]}
{"e":"depthUpdate","E":1702798601460,"s":"BTCUSDT","U":41239691260,"u":41239691271,"b":[["41886.40000000","0.00000000"],["41878.02000000","0.00000000"],["41877.92000000","0.00000000"],["41869.54000000","0.02184000"],["41869.44000000","0.95624000"],["38572.69000000","0.00000000"],["20963.43000000","0.00057000"]],"a":[["41926.87000000","2.21425000"],["41931.04000000","0.02347000"]]}
{"e":"depthUpdate","E":1702798601560,"s":"BTCUSDT","U":41239691272,"u":41239691286,"b":[["41926.28000000","0.06980000"],["41878.12000000","0.02184000"],["41878.02000000","0.00000000"],["41869.64000000","0.00000000"],["41869.54000000","0.00000000"],["41507.60000000","0.00000000"]],"a":[["41926.87000000","2.11925000"],["41929.03000000","0.00000000"],["41931.04000000","0.00077000"],["41944.27000000","0.02385000"]]}
{"e":"depthUpdate","E":1702798601660,"s":"BTCUSDT","U":41239691287,"u":41239691294,"b":[["41926.86000000","7.89506000"],["41886.70000000","0.00000000"],["41878.22000000","0.00000000"],["41878.12000000","0.00000000"],["41869.64000000","0.00000000"],["41507.60000000","0.00313000"]],"a":[["41929.02000000","0.00000000"],["41931.04000000","0.02130000"]]}
{"e":"depthUpdate","E":1702798601761,"s":"BTCUSDT","U":41239691295,"u":41239691300,"b":[["41926.69000000","0.00000000"],["41452.94000000","0.00015000"]],"a":[["41926.87000000","2.11317000"],["41931.04000000","0.00077000"],["42333.13000000","0.00000000"],["42375.04000000","0.00000000"]]}
{"e":"depthUpdate","E":1702798601861,"s":"BTCUSDT","U":41239691301,"u":41239691303,"b":[],"a":[["41926.87000000","2.11331000"],["41931.04000000","0.01880000"]]}
{"e":"depthUpdate","E":1702798601961,"s":"BTCUSDT","U":41239691304,"u":41239691312,"b":[["41926.86000000","7.89415000"],["41913.32000000","0.71553000"],["41913.20000000","0.00000000"],["41910.76000000","0.00062000"],["37734.00000000","0.00025000"]],"a":[["41930.40000000","0.27080000"],["41931.04000000","0.00077000"],["41938.07000000","0.00000000"]]}
{"e":"depthUpdate","E":1702798602061,"s":"BTCUSDT","U":41239691313,"u":41239691320,"b":[["41926.28000000","0.00000000"],["41912.65000000","0.02184000"],["20963.43000000","0.00057000"],["10471.40000000","0.00143000"]],"a":[["41926.87000000","2.18486000"],["41926.94000000","0.00000000"],["41930.39000000","0.16254000"],["41931.04000000","0.01865000"]]}
{"e":"depthUpdate","E":1702798602161,"s":"BTCUSDT","U":41239691321,"u":41239691334,"b":[["41926.86000000","7.89315000"],["41855.51000000","0.00000000"],["41855.02000000","0.02330000"],["41507.60000000","0.00313000"]],"a":[["41926.87000000","2.18427000"],["41928.80000000","0.07165000"],["41930.40000000","0.00015000"],["41931.04000000","0.00077000"]]}
{"e":"depthUpdate","E":1702798602261,"s":"BTCUSDT","U":41239691335,"u":41239691345,"b":[["41925.59000000","0.06980000"],["41915.10000000","0.00000000"]],"a":[["41926.87000000","2.11272000"],["41928.79000000","0.04306000"],["41930.39000000","0.00000000"],["41931.04000000","0.02309000"],["41932.32000000","0.02015000"],["41951.38000000","0.00000000"],["41979.06000000","0.33000000"],["42007.42000000","0.00000000"],["42165.80000000","0.10000000"]]}
{"e":"depthUpdate","E":1702798602361,"s":"BTCUSDT","U":41239691346,"u":41239691354,"b":[["41926.86000000","7.89336000"],["41926.83000000","2.92124000"],["41913.99000000","0.03143000"],["41912.65000000","0.02184000"],["41904.17000000","0.00000000"],["33560.88000000","0.00100000"]],"a":[["41926.87000000","2.11244000"],["41931.04000000","0.00077000"]]}
{"e":"depthUpdate","E":1702798602461,"s":"BTCUSDT","U":41239691355,"u":41239691357,"b":[["41898.35000000","0.00000000"]],"a":[["41926.87000000","2.18399000"],["41931.04000000","0.02395000"]]}
{"e":"depthUpdate","E":1702798602561,"s":"BTCUSDT","U":41239691358,"u":41239691361,"b":[["41912.65000000","0.00000000"],["41869.54000000","0.02184000"]],"a":[["41926.87000000","2.18405000"],["41931.04000000","0.00077000"]]}
{"e":"depthUpdate","E":1702798602661,"s":"BTCUSDT","U":41239691362,"u":41239691366,"b":[["41913.67000000","0.00073000"],["41507.60000000","0.00000000"],["20963.43000000","0.00057000"]],"a":[["41926.87000000","2.11250000"],["41931.04000000","0.02424000"]]}
{"e":"depthUpdate","E":1702798602761,"s":"BTCUSDT","U":41239691367,"u":41239691383,"b":[["41926.86000000","7.39336000"],["41925.59000000","0.00000000"],["41878.12000000","0.00000000"],["41869.64000000","0.02184000"],["41869.54000000","0.00000000"],["41864.90000000","0.33000000"],["41836.66000000","0.00000000"],["41507.60000000","0.00313000"],["33560.88000000","0.00000000"]],"a":[["41926.87000000","2.61250000"],["41927.61000000","0.23553000"],["41928.80000000","0.00015000"],["41931.04000000","0.00077000"],["41944.81000000","1.76516000"],["41945.32000000","0.00000000"]]}
{"e":"depthUpdate","E":1702798602861,"s":"BTCUSDT","U":41239691384,"u":41239691389,"b":[["41878.32000000","0.00000000"],["41878.22000000","0.00000000"],["41869.84000000","0.02184000"],["41869.74000000","0.00000000"],["41869.64000000","0.00000000"]],"a":[["41928.79000000","0.00000000"],["41931.04000000","0.02236000"]]}
{"e":"depthUpdate","E":1702798602961,"s":"BTCUSDT","U":41239691390,"u":41239691403,"b":[["41926.86000000","7.89336000"],["41925.76000000","0.06995000"],["41924.97000000","0.06980000"],["41878.32000000","0.00000000"],["41869.84000000","0.02184000"],["41290.94000000","0.00000000"]],"a":[["41926.87000000","1.47916000"],["41927.61000000","0.00000000"],["41931.04000000","0.00077000"]]}
{"e":"depthUpdate","E":1702798603061,"s":"BTCUSDT","U":41239691404,"u":41239691411,"b":[["41878.32000000","0.00000000"],["41869.84000000","0.02184000"]],"a":[["41931.04000000","0.02255000"]]}
{"e":"depthUpdate","E":1702798603161,"s":"BTCUSDT","U":41239691412,"u":41239691426,"b":[["41926.86000000","7.77605000"],["41917.54000000","0.00500000"],["41886.80000000","0.00000000"],["41878.32000000","0.00000000"],["41869.84000000","0.02184000"],["41295.02000000","0.00145000"]],"a":[["41926.87000000","1.96700000"],["41928.21000000","0.21189000"],["41931.04000000","0.00077000"],["41938.51000000","0.00500000"],["41951.38000000","0.11440000"]]}
{"e":"depthUpdate","E":1702798603261,"s":"BTCUSDT","U":41239691427,"u":41239691449,"b":[["41926.86000000","7.77605000"],["41925.76000000","0.00015000"],["41924.97000000","0.00000000"],["41923.73000000","0.00000000"],["41878.52000000","0.02184000"],["41878.42000000","0.00000000"],["41878.32000000","0.00000000"],["41870.04000000","0.00000000"],["41869.94000000","0.00000000"],["41869.84000000","0.00000000"],["41507.60000000","0.00313000"],["20963.43000000","0.00057000"]],"a":[["41926.87000000","2.08437000"],["41928.20000000","0.12721000"],["41928.21000000","0.00000000"],["41931.04000000","0.02352000"],["41940.48000000","0.00954000"]]}
{"e":"depthUpdate","E":1702798603361,"s":"BTCUSDT","U":41239691450,"u":41239691457,"b":[["41922.69000000","0.00000000"],["41887.00000000","0.00000000"],["41878.62000000","0.02184000"],["41878.52000000","0.00000000"],["41870.04000000","0.00000000"],["41869.93000000","0.00000000"],["10471.40000000","0.00000000"]],"a":[["41926.87000000","1.94841000"],["41928.20000000","0.00000000"]]}
{"e":"depthUpdate","E":1702798603461,"s":"BTCUSDT","U":41239691458,"u":41239691468,"b":[["41922.69000000","0.02350000"],["41895.69000000","0.02184000"],["41887.20000000","0.00025000"],["41887.10000000","0.00000000"],["41878.72000000","0.00000000"],["41878.62000000","0.00000000"],["41869.54000000","0.00000000"],["41869.45000000","0.00000000"],["41868.48000000","0.03802000"]],"a":[["41931.04000000","0.00077000"]]}
{"e":"depthUpdate","E":1702798603561,"s":"BTCUSDT","U":41239691469,"u":41239691478,"b":[["41922.69000000","0.00000000"],["41912.75000000","0.02184000"],["41904.27000000","0.00000000"],["41895.79000000","0.00000000"],["41895.69000000","0.00000000"],["41870.00000000","1.50277000"]],"a":[["41931.04000000","0.02443000"],["41944.27000000","0.00000000"]]}
{"e":"depthUpdate","E":1702798603661,"s":"BTCUSDT","U":41239691479,"u":41239691494,"b":[["41926.86000000","7.17381000"],["41922.69000000","0.02330000"],["41918.21000000","0.00000000"],["41912.75000000","0.00000000"],["41904.47000000","0.02184000"],["41904.37000000","0.00000000"],["41895.89000000","0.00020000"],["41869.54000000","0.00000000"],["10000.00000000","129.54107100"]],"a":[["41926.87000000","3.00432000"]]}
{"e":"depthUpdate","E":1702798603762,"s":"BTCUSDT","U":41239691495,"u":41239691592,"b":[["41926.86000000","2.36200000"],["41926.83000000","2.23184000"],["41926.67000000","0.00000000"],["41926.55000000","0.00000000"],["41923.19000000","0.00000000"],["41922.69000000","0.00000000"],["41922.31000000","0.00000000"],["41922.01000000","0.00048000"],["41919.62000000","0.00000000"],["41918.58000000","0.00000000"],["41918.56000000","0.39895000"],["41918.55000000","0.00000000"],["41918.45000000","0.00000000"],["41918.41000000","0.00000000"],["41917.99000000","0.00000000"],["41917.11000000","0.00000000"],["41917.00000000","0.00062000"],["41916.15000000","0.00000000"],["41915.98000000","0.00000000"],["41914.95000000","0.24000000"],["41914.07000000","0.00000000"],["41913.68000000","0.00000000"],["41913.33000000","0.07162000"],["41913.32000000","0.71623000"],["41912.95000000","0.47808000"],["41906.11000000","0.00000000"],["41904.47000000","0.00000000"],["41899.69000000","0.07162000"],["41887.99000000","0.00000000"],["41885.37000000","0.00000000"],["41882.84000000","0.00000000"],["41878.02000000","0.02184000"],["41869.54000000","0.00000000"],["41868.25000000","0.00000000"],["41847.17000000","0.00000000"],["41507.60000000","0.00313000"],["10000.00000000","129.54057100"]],"a":[["41926.87000000","5.59376000"],["41926.94000000","0.06980000"],["41927.35000000","0.06980000"],["41927.83000000","0.06980000"],["41928.37000000","0.06980000"],["41929.23000000","0.07188000"],["41930.88000000","0.06995000"],["41936.30000000","0.02387000"],["41936.38000000","0.00000000"],["41938.41000000","0.00000000"],["41938.76000000","0.00000000"],["41939.34000000","0.00000000"],["41939.72000000","0.00000000"],["41940.56000000","0.00000000"],["41962.60000000","0.00000000"],["41966.08000000","0.00000000"],["41987.82000000","0.00000000"],["42000.62000000","0.00000000"],["42007.99000000","0.00000000"],["42008.76000000","0.00000000"],["42013.68000000","0.20716000"],["42019.59000000","0.00000000"]]}
{"e":"depthUpdate","E":1702798603862,"s":"BTCUSDT","U":41239691593,"u":41239691706,"b":[["41926.86000000","0.61395000"],["41926.83000000","0.72630000"],["41926.00000000","0.00253000"],["41924.83000000","0.00000000"],["41924.57000000","0.00000000"],["41924.53000000","0.00000000"],["41923.43000000","0.00000000"],["41923.15000000","0.28693000"],["41922.69000000","0.02250000"],["41922.46000000","0.00062000"],["41921.84000000","0.00000000"],["41921.14000000","0.00000000"],["41920.11000000","0.28660000"],["41918.56000000","0.00062000"],["41917.37000000","0.00000000"],["41916.40000000","0.00000000"],["41915.76000000","0.00000000"],["41915.55000000","0.00000000"],["41915.08000000","0.04000000"],["41914.95000000","0.08000000"],["41914.88000000","0.00000000"],["41914.68000000","0.08000000"],["41914.55000000","0.85956000"],["41914.54000000","0.00000000"],["41913.98000000","0.17002000"],["41912.95000000","0.00059000"],["41912.10000000","0.00000000"],["41912.06000000","0.00554000"],["41911.95000000","0.35811000"],["41911.92000000","0.00508000"],["41910.77000000","0.00000000"],["41909.99000000","0.00478000"],["41909.95000000","0.00422000"],["41909.74000000","0.00433000"],["41909.50000000","0.10947000"],["41908.55000000","0.00000000"],["41907.58000000","0.00646000"],["41906.92000000","0.05100000"],["41906.90000000","0.00000000"],["41904.56000000","0.59745000"],["41896.22000000","0.00000000"],["41890.10000000","0.00000000"],["41878.02000000","0.02184000"],["41876.28000000","0.05394000"],["41875.50000000","0.00000000"],["41872.40000000","2.53892000"],["41869.64000000","0.00000000"],["41868.72000000","0.07162000"],["41867.59000000","0.00000000"],["41854.00000000","3.98807000"],["41841.16000000","0.14233000"],["41841.11000000","0.00000000"],["41836.50000000","6.54236000"],["41836.02000000","0.00000000"],["41835.60000000","0.00000000"]],"a":[["41926.87000000","6.22678000"],["41927.03000000","0.02200000"],["41927.54000000","0.00000000"],["41927.65000000","0.00454000"],["41929.09000000","0.35811000"],["41929.22000000","0.04374000"],["41929.46000000","0.00542000"],["41929.67000000","0.00000000"],["41929.77000000","0.00474000"],["41931.45000000","0.41865000"],["41931.48000000","0.00223000"],["41934.51000000","0.00000000"],["41935.77000000","0.35180000"],["41935.80000000","0.24019000"],["41935.88000000","0.47736000"],["41936.06000000","0.15598000"],["41936.21000000","0.12924000"],["41936.22000000","0.00000000"],["41936.96000000","0.14974000"],["41938.05000000","0.00000000"],["41940.50000000","0.00000000"],["41940.60000000","0.70984000"],["41943.53000000","0.00000000"],["41944.44000000","0.00000000"],["41945.55000000","0.00000000"],["41948.09000000","0.00208000"],["41949.13000000","0.00000000"],["41957.30000000","0.00000000"],["41957.48000000","0.00000000"],["41958.63000000","0.00000000"],["41960.31000000","0.00000000"],["41962.59000000","0.00000000"],["41963.36000000","0.25120000"],["41965.06000000","0.04657000"],["41972.00000000","2.53892000"],["41985.04000000","0.00000000"],["41990.40000000","3.98807000"],["41997.70000000","0.00000000"],["42045.70000000","6.54236000"]]}
{"e":"depthUpdate","E":1702798603962,"s":"BTCUSDT","U":41239691707,"u":41239691879,"b":[["41926.86000000","0.02125000"],["41926.47000000","0.00000000"],["41926.04000000","0.00000000"],["41926.00000000","0.22153000"],["41925.03000000","0.00000000"],["41924.95000000","0.00000000"],["41924.84000000","0.39654000"],["41924.54000000","0.00062000"],["41923.87000000","0.00170000"],["41923.43000000","0.16732000"],["41923.15000000","0.00000000"],["41922.69000000","0.00000000"],["41921.69000000","0.00000000"],["41920.55000000","0.16798000"],["41919.52000000","0.00000000"],["41919.27000000","0.51045000"],["41918.72000000","0.00000000"],["41918.01000000","0.28659000"],["41917.74000000","0.00000000"],["41917.01000000","0.00000000"],["41916.77000000","0.47758000"],["41916.50000000","0.00000000"],["41916.48000000","0.00362000"],["41916.40000000","0.34902000"],["41915.75000000","0.00000000"],["41915.25000000","0.47759000"],["41915.08000000","0.00000000"],["41914.95000000","0.00000000"],["41914.68000000","0.00000000"],["41914.55000000","0.00000000"],["41914.23000000","0.00023000"],["41913.98000000","0.01002000"],["41913.67000000","0.00025000"],["41912.76000000","0.65153000"],["41912.74000000","0.71553000"],["41912.68000000","0.00000000"],["41912.58000000","0.00062000"],["41912.06000000","0.00062000"],["41912.00000000","0.21925000"],["41911.95000000","0.00000000"],["41911.92000000","0.00000000"],["41911.84000000","0.04000000"],["41911.54000000","0.10062000"],["41910.84000000","0.16000000"],["41910.64000000","0.00492000"],["41909.99000000","0.00000000"],["41909.95000000","0.00000000"],["41909.74000000","0.00000000"],["41909.50000000","0.00000000"],["41908.42000000","0.35873000"],["41908.36000000","0.00433000"],["41908.08000000","0.00000000"],["41907.92000000","0.71623000"],["41907.89000000","0.00478000"],["41907.58000000","1.43247000"],["41906.92000000","0.00000000"],["41906.91000000","0.00000000"],["41905.81000000","0.00646000"],["41904.83000000","0.62655000"],["41904.56000000","1.07494000"],["41904.39000000","0.11155000"],["41903.56000000","0.08052000"],["41903.40000000","0.64312000"],["41896.23000000","0.00000000"],["41894.28000000","0.00000000"],["41891.66000000","0.00000000"],["41890.61000000","0.31411000"],["41887.66000000","1.47035000"],["41886.50000000","0.02184000"],["41885.32000000","0.00000000"],["41884.81000000","0.07162000"],["41880.77000000","0.00119000"],["41878.02000000","0.00000000"],["41875.51000000","0.00000000"],["41869.44000000","0.00000000"],["41861.85000000","0.00000000"],["41854.88000000","0.00000000"],["41854.06000000","2.39291000"],["41847.69000000","0.65254000"],["41842.89000000","0.07162000"],["41840.71000000","0.00000000"],["41832.79000000","0.00000000"],["41804.90000000","6.54236000"],["20963.43000000","0.00057000"],["10471.40000000","0.00143000"]],"a":[["41926.87000000","8.10706000"],["41926.95000000","0.16000000"],["41927.01000000","0.64000000"],["41927.03000000","0.00000000"],["41927.05000000","0.40000000"],["41927.65000000","0.00000000"],["41927.67000000","0.00474000"],["41928.91000000","0.00164000"],["41929.08000000","0.21494000"],["41929.22000000","0.00062000"],["41929.77000000","0.00000000"],["41930.01000000","0.02125000"],["41930.07000000","0.06883000"],["41930.98000000","0.00000000"],["41931.16000000","0.09026000"],["41931.33000000","0.10834000"],["41931.34000000","0.13503000"],["41931.45000000","0.00000000"],["41932.05000000","0.00000000"],["41932.09000000","0.00000000"],["41932.59000000","0.00000000"],["41932.75000000","0.00000000"],["41932.96000000","0.47739000"],["41933.60000000","0.52353000"],["41933.82000000","0.71623000"],["41935.17000000","0.00000000"],["41935.88000000","0.00000000"],["41936.04000000","0.34460000"],["41936.31000000","0.00000000"],["41937.96000000","0.07200000"],["41940.15000000","0.00000000"],["41940.43000000","0.68761000"],["41940.89000000","0.47730000"],["41941.49000000","0.00000000"],["41941.83000000","0.47729000"],["41943.28000000","0.00000000"],["41943.97000000","0.00000000"],["41944.32000000","0.03330000"],["41945.87000000","0.34415000"],["41946.32000000","0.00000000"],["41946.74000000","0.08037000"],["41947.53000000","0.00000000"],["41950.67000000","0.71623000"],["41951.08000000","0.00000000"],["41952.79000000","0.00000000"],["41953.16000000","0.00000000"],["41957.02000000","0.28627000"],["41957.25000000","1.13488000"],["41958.62000000","0.95420000"],["41963.36000000","0.00000000"],["41963.73000000","0.00889000"],["41964.76000000","0.00000000"],["41972.39000000","0.00023000"],["41983.48000000","0.95364000"],["41990.13000000","2.28662000"],["41997.69000000","0.00000000"],["42008.76000000","0.77897000"]]}
{"e":"depthUpdate","E":1702798604062,"s":"BTCUSDT","U":41239691880,"u":41239692124,"b":[["41926.86000000","0.00000000"],["41926.85000000","0.00000000"],["41926.84000000","0.00000000"],["41925.25000000","0.23806000"],["41924.84000000","0.00000000"],["41924.09000000","0.47707000"],["41923.14000000","0.27883000"],["41923.08000000","0.23630000"],["41922.87000000","0.48268000"],["41922.77000000","0.23875000"],["41922.69000000","0.00849000"],["41922.43000000","0.00000000"],["41922.14000000","0.23684000"],["41922.05000000","0.23896000"],["41922.03000000","0.00049000"],["41922.01000000","0.00000000"],["41921.98000000","0.00000000"],["41921.15000000","0.00048000"],["41920.85000000","0.00048000"],["41919.76000000","0.53093000"],["41918.01000000","0.00000000"],["41916.78000000","0.28657000"],["41916.40000000","0.34902000"],["41916.28000000","0.00000000"],["41915.97000000","0.64453000"],["41913.69000000","0.00000000"],["41913.32000000","0.00000000"],["41913.28000000","0.00000000"],["41912.83000000","0.02652000"],["41912.10000000","0.41865000"],["41909.48000000","0.71640000"],["41906.28000000","0.47770000"],["41905.38000000","0.47771000"],["41903.67000000","0.00000000"],["41901.01000000","0.00000000"],["41896.19000000","1.07494000"],["41895.29000000","0.02184000"],["41895.09000000","0.00000000"],["41890.02000000","0.00000000"],["41889.36000000","0.47789000"],["41889.26000000","0.47789000"],["41887.99000000","0.00465000"],["41887.98000000","0.82757000"],["41886.50000000","0.00000000"],["41886.22000000","0.00000000"],["41881.12000000","0.00446000"],["41880.77000000","0.00000000"],["41876.56000000","0.00119000"],["41869.68000000","0.16000000"],["41864.20000000","0.47818000"],["41864.10000000","0.47818000"],["41861.86000000","0.00000000"],["41855.36000000","0.07162000"],["41847.17000000","0.00465000"],["41842.89000000","0.00000000"],["41839.92000000","0.00446000"],["41832.52000000","0.07162000"],["37734.00000000","0.00025000"]],"a":[["41926.84000000","12.08442000"],["41926.85000000","0.00000000"],["41926.86000000","2.39244000"],["41926.87000000","2.69233000"],["41927.12000000","0.00015000"],["41928.55000000","0.06678000"],["41929.09000000","0.00000000"],["41929.49000000","0.47743000"],["41929.79000000","0.47743000"],["41931.33000000","0.00000000"],["41931.34000000","0.13838000"],["41931.35000000","0.00000000"],["41931.36000000","0.13862000"],["41931.73000000","0.17590000"],["41931.96000000","0.19390000"],["41934.81000000","1.07435000"],["41935.66000000","0.00000000"],["41935.72000000","0.32422000"],["41936.19000000","0.08989000"],["41938.09000000","0.00000000"],["41959.84000000","0.00150000"],["41959.98000000","0.00114000"],["41966.08000000","0.00131000"],["41969.98000000","0.00000000"],["42002.37000000","0.00150000"],["42007.99000000","0.00131000"]]}
{"e":"depthUpdate","E":1702798604162,"s":"BTCUSDT","U":41239692125,"u":41239692160,"b":[["41926.83000000","0.68538000"],["41924.52000000","0.12959000"],["41923.43000000","0.26871000"],["41922.77000000","0.00000000"],["41922.69000000","0.00000000"],["41922.05000000","0.00020000"],["41917.13000000","0.00049000"],["41913.18000000","0.32215000"],["41912.36000000","0.00000000"],["41903.77000000","0.00000000"],["41895.39000000","0.02184000"],["41895.29000000","0.00000000"],["41894.88000000","1.60169000"],["41870.30000000","0.57181000"],["41869.54000000","0.00000000"],["41868.48000000","0.00000000"]],"a":[["41926.84000000","12.71838000"],["41926.87000000","2.68992000"],["41931.34000000","0.00000000"],["41931.35000000","0.11907000"],["41933.60000000","0.52353000"],["41959.39000000","0.00000000"],["42999.89000000","0.00000000"]]}
{"e":"depthUpdate","E":1702798604262,"s":"BTCUSDT","U":41239692161,"u":41239692180,"b":[["41923.66000000","0.23875000"],["41923.05000000","0.23875000"],["41922.66000000","0.00614000"],["41912.46000000","0.00000000"],["41903.97000000","0.02184000"],["41900.65000000","0.00401000"],["41895.39000000","0.00000000"],["41877.02000000","0.00000000"],["41869.54000000","0.00000000"],["41507.60000000","0.00000000"],["41507.57000000","0.00313000"]],"a":[["41926.84000000","12.73456000"],["41926.87000000","2.33181000"],["41929.48000000","0.35873000"],["41942.01000000","0.35826000"]]}
{"e":"depthUpdate","E":1702798604362,"s":"BTCUSDT","U":41239692181,"u":41239692205,"b":[["41926.83000000","0.69864000"],["41924.00000000","0.69663000"],["41923.66000000","0.00000000"],["41923.05000000","0.00000000"],["41922.66000000","0.00000000"],["41912.46000000","0.00000000"],["41910.00000000","0.22408000"],["41908.12000000","0.00422000"],["41903.97000000","0.02184000"]],"a":[["41926.84000000","12.73632000"],["41926.86000000","0.47746000"],["41928.94000000","0.00670000"],["41931.36000000","0.00015000"],["41931.37000000","0.14753000"],["41933.60000000","0.17451000"]]}
{"e":"depthUpdate","E":1702798604462,"s":"BTCUSDT","U":41239692206,"u":41239692231,"b":[["41926.83000000","0.70615000"],["41924.10000000","0.41801000"],["41924.00000000","0.21915000"],["41923.43000000","0.00000000"],["41922.66000000","0.00389000"],["41920.49000000","0.00000000"],["41915.54000000","0.00048000"],["41912.46000000","0.00000000"],["41903.97000000","0.02184000"],["20963.43000000","0.00000000"],["20963.41000000","0.00057000"]],"a":[["41926.84000000","12.77208000"],["41945.72000000","0.10878000"],["41951.38000000","0.00000000"],["41952.11000000","0.00000000"]]}
{"e":"depthUpdate","E":1702798604562,"s":"BTCUSDT","U":41239692232,"u":41239692253,"b":[["41924.10000000","0.00000000"],["41923.43000000","0.28965000"],["41922.66000000","0.00000000"],["41921.38000000","0.05500000"],["41912.46000000","0.00000000"],["41910.48000000","0.00000000"],["41906.29000000","0.07200000"],["41903.97000000","0.00000000"],["35191.00000000","0.00468000"]],"a":[["41926.84000000","12.79593000"],["41931.35000000","0.00000000"],["41931.36000000","0.13537000"],["41935.52000000","0.16562000"]]}
{"e":"depthUpdate","E":1702798604662,"s":"BTCUSDT","U":41239692254,"u":41239692266,"b":[["41926.83000000","0.71263000"],["41922.66000000","0.00695000"],["41912.46000000","0.00000000"],["41903.97000000","0.02184000"],["41900.65000000","0.00000000"],["41500.00000000","89.64796000"],["40834.08000000","0.00000000"]],"a":[]}
{"e":"depthUpdate","E":1702798604762,"s":"BTCUSDT","U":41239692267,"u":41239692281,"b":[["41926.70000000","0.00050000"],["41922.66000000","0.00000000"],["41921.78000000","0.00000000"],["41912.46000000","0.00000000"],["41903.97000000","0.00000000"]],"a":[["41926.84000000","12.77208000"],["41926.93000000","0.04834000"],["41931.92000000","0.16377000"],["41942.02000000","1.06002000"]]}
{"e":"depthUpdate","E":1702798604862,"s":"BTCUSDT","U":41239692282,"u":41239692289,"b":[["41922.66000000","0.00815000"],["41507.57000000","0.00313000"],["40836.23000000","0.00834000"]],"a":[["41926.84000000","12.76015000"],["41935.74000000","0.35180000"],["41935.77000000","0.00000000"]]}
