{"e":"trade","E":1702970591579,"s":"BTCUSDT","t":3327793303,"p":"42978.50000000","q":"0.00061000","b":23816914431,"a":23816913107,"T":1702970591578,"m":false,"M":true}
{"e":"trade","E":1702970593860,"s":"BTCUSDT","t":3327793311,"p":"42978.50000000","q":"0.00030000","b":23816914635,"a":23816913107,"T":1702970593860,"m":false,"M":true}
{"e":"trade","E":1702970594090,"s":"BTCUSDT","t":3327793312,"p":"42978.50000000","q":"0.00026000","b":23816914647,"a":23816913107,"T":1702970594089,"m":false,"M":true}
{"e":"trade","E":1702970595147,"s":"BTCUSDT","t":3327793314,"p":"42978.50000000","q":"0.00077000","b":23816914700,"a":23816913107,"T":1702970595146,"m":false,"M":true}
{"e":"trade","E":1702970595259,"s":"BTCUSDT","t":3327793316,"p":"42978.50000000","q":"0.00130000","b":23816914710,"a":23816913107,"T":1702970595258,"m":false,"M":true}
{"e":"trade","E":1702970595404,"s":"BTCUSDT","t":3327793317,"p":"42978.50000000","q":"0.00143000","b":23816914716,"a":23816913107,"T":1702970595403,"m":false,"M":true}
{"e":"trade","E":1702970596409,"s":"BTCUSDT","t":3327793321,"p":"42978.50000000","q":"0.00257000","b":23816914760,"a":23816913107,"T":1702970596408,"m":false,"M":true}
{"e":"trade","E":1702970596908,"s":"BTCUSDT","t":3327793323,"p":"42978.50000000","q":"0.15880000","b":23816914768,"a":23816913107,"T":1702970596906,"m":false,"M":true}
{"e":"trade","E":1702970596908,"s":"BTCUSDT","t":3327793324,"p":"42978.50000000","q":"0.10918000","b":23816914768,"a":23816913366,"T":1702970596906,"m":false,"M":true}
{"e":"trade","E":1702970598266,"s":"BTCUSDT","t":3327793328,"p":"42978.50000000","q":"0.00315000","b":23816914912,"a":23816913366,"T":1702970598266,"m":false,"M":true}
{"e":"trade","E":1702970599143,"s":"BTCUSDT","t":3327793331,"p":"42978.50000000","q":"0.00315000","b":23816914962,"a":23816913366,"T":1702970599142,"m":false,"M":true}
{"e":"trade","E":1702970599900,"s":"BTCUSDT","t":3327793334,"p":"42978.50000000","q":"0.00232000","b":23816915003,"a":23816913366,"T":1702970599899,"m":false,"M":true}
{"e":"trade","E":1702970602788,"s":"BTCUSDT","t":3327793339,"p":"42978.50000000","q":"0.01680000","b":23816915133,"a":23816913366,"T":1702970602787,"m":false,"M":true}
{"e":"trade","E":1702970603866,"s":"BTCUSDT","t":3327793341,"p":"42978.50000000","q":"0.00055000","b":23816915163,"a":23816913366,"T":1702970603866,"m":false,"M":true}
{"e":"trade","E":1702970604089,"s":"BTCUSDT","t":3327793344,"p":"42978.50000000","q":"0.00170000","b":23816915167,"a":23816913366,"T":1702970604088,"m":false,"M":true}
{"e":"trade","E":1702970604141,"s":"BTCUSDT","t":3327793345,"p":"42978.50000000","q":"0.00465000","b":23816915171,"a":23816913366,"T":1702970604140,"m":false,"M":true}
{"e":"trade","E":1702970605677,"s":"BTCUSDT","t":3327793349,"p":"42978.50000000","q":"0.00736000","b":23816915206,"a":23816913366,"T":1702970605676,"m":false,"M":true}
{"e":"trade","E":1702970606232,"s":"BTCUSDT","t":3327793352,"p":"42978.50000000","q":"0.00209000","b":23816915221,"a":23816913366,"T":1702970606232,"m":false,"M":true}
{"e":"trade","E":1702970606924,"s":"BTCUSDT","t":3327793354,"p":"42978.50000000","q":"0.00459000","b":23816915241,"a":23816913366,"T":1702970606923,"m":false,"M":true}
{"e":"trade","E":1702970606924,"s":"BTCUSDT","t":3327793355,"p":"42978.50000000","q":"0.00034000","b":23816915241,"a":23816913485,"T":1702970606923,"m":false,"M":true}
{"e":"trade","E":1702970606924,"s":"BTCUSDT","t":3327793356,"p":"42978.50000000","q":"0.10000000","b":23816915241,"a":23816913491,"T":1702970606923,"m":false,"M":true}
{"e":"trade","E":1702970606924,"s":"BTCUSDT","t":3327793357,"p":"42978.50000000","q":"0.00034000","b":23816915241,"a":23816913492,"T":1702970606923,"m":false,"M":true}
{"e":"trade","E":1702970606924,"s":"BTCUSDT","t":3327793358,"p":"42978.50000000","q":"0.00034000","b":23816915241,"a":23816913500,"T":1702970606923,"m":false,"M":true}
{"e":"trade","E":1702970606924,"s":"BTCUSDT","t":3327793359,"p":"42978.50000000","q":"0.00034000","b":23816915241,"a":23816913502,"T":1702970606923,"m":false,"M":true}
{"e":"trade","E":1702970606924,"s":"BTCUSDT","t":3327793360,"p":"42978.50000000","q":"0.00034000","b":23816915241,"a":23816913784,"T":1702970606923,"m":false,"M":true}
{"e":"trade","E":1702970606924,"s":"BTCUSDT","t":3327793361,"p":"42978.50000000","q":"0.00240000","b":23816915241,"a":23816913869,"T":1702970606923,"m":false,"M":true}
{"e":"trade","E":1702970606924,"s":"BTCUSDT","t":3327793362,"p":"42978.50000000","q":"0.05190000","b":23816915241,"a":23816913946,"T":1702970606923,"m":false,"M":true}
{"e":"trade","E":1702970606924,"s":"BTCUSDT","t":3327793363,"p":"42978.50000000","q":"0.00034000","b":23816915241,"a":23816914200,"T":1702970606923,"m":false,"M":true}
{"e":"trade","E":1702970606924,"s":"BTCUSDT","t":3327793364,"p":"42978.50000000","q":"0.00034000","b":23816915241,"a":23816914207,"T":1702970606923,"m":false,"M":true}
{"e":"trade","E":1702970606924,"s":"BTCUSDT","t":3327793365,"p":"42978.50000000","q":"0.23517000","b":23816915241,"a":23816914422,"T":1702970606923,"m":false,"M":true}
{"e":"trade","E":1702970608058,"s":"BTCUSDT","t":3327793367,"p":"42978.50000000","q":"0.00017000","b":23816915281,"a":23816914422,"T":1702970608058,"m":false,"M":true}
{"e":"trade","E":1702970609838,"s":"BTCUSDT","t":3327793372,"p":"42978.50000000","q":"0.04466000","b":23816915343,"a":23816914422,"T":1702970609837,"m":false,"M":true}
{"e":"trade","E":1702970609838,"s":"BTCUSDT","t":3327793373,"p":"42978.50000000","q":"0.00048000","b":23816915343,"a":23816914447,"T":1702970609837,"m":false,"M":true}
{"e":"trade","E":1702970609838,"s":"BTCUSDT","t":3327793374,"p":"42978.50000000","q":"0.00048000","b":23816915343,"a":23816914450,"T":1702970609837,"m":false,"M":true}
{"e":"trade","E":1702970609838,"s":"BTCUSDT","t":3327793375,"p":"42978.50000000","q":"0.02441000","b":23816915343,"a":23816914470,"T":1702970609837,"m":false,"M":true}
{"e":"trade","E":1702970610244,"s":"BTCUSDT","t":3327793378,"p":"42978.50000000","q":"0.00048000","b":23816915362,"a":23816914474,"T":1702970610241,"m":false,"M":true}
{"e":"trade","E":1702970610244,"s":"BTCUSDT","t":3327793379,"p":"42978.50000000","q":"0.02348000","b":23816915362,"a":23816914521,"T":1702970610241,"m":false,"M":true}
{"e":"trade","E":1702970610244,"s":"BTCUSDT","t":3327793380,"p":"42978.50000000","q":"0.00048000","b":23816915362,"a":23816914550,"T":1702970610241,"m":false,"M":true}
{"e":"trade","E":1702970610244,"s":"BTCUSDT","t":3327793381,"p":"42978.50000000","q":"0.00049000","b":23816915362,"a":23816914551,"T":1702970610241,"m":false,"M":true}
{"e":"trade","E":1702970610244,"s":"BTCUSDT","t":3327793382,"p":"42978.50000000","q":"0.02348000","b":23816915362,"a":23816914743,"T":1702970610241,"m":false,"M":true}
{"e":"trade","E":1702970610244,"s":"BTCUSDT","t":3327793383,"p":"42978.50000000","q":"0.11664000","b":23816915362,"a":23816914800,"T":1702970610241,"m":false,"M":true}
{"e":"trade","E":1702970610244,"s":"BTCUSDT","t":3327793384,"p":"42978.50000000","q":"0.00300000","b":23816915362,"a":23816914829,"T":1702970610241,"m":false,"M":true}
{"e":"trade","E":1702970610244,"s":"BTCUSDT","t":3327793385,"p":"42978.50000000","q":"0.69802000","b":23816915362,"a":23816914852,"T":1702970610241,"m":false,"M":true}
{"e":"trade","E":1702970610244,"s":"BTCUSDT","t":3327793386,"p":"42978.50000000","q":"0.60000000","b":23816915362,"a":23816914858,"T":1702970610241,"m":false,"M":true}
{"e":"trade","E":1702970610244,"s":"BTCUSDT","t":3327793387,"p":"42978.50000000","q":"0.00202000","b":23816915362,"a":23816914945,"T":1702970610241,"m":false,"M":true}
{"e":"trade","E":1702970610244,"s":"BTCUSDT","t":3327793388,"p":"42978.50000000","q":"0.00034000","b":23816915362,"a":23816914958,"T":1702970610241,"m":false,"M":true}
{"e":"trade","E":1702970610244,"s":"BTCUSDT","t":3327793389,"p":"42978.50000000","q":"0.00034000","b":23816915362,"a":23816915080,"T":1702970610241,"m":false,"M":true}
{"e":"trade","E":1702970610244,"s":"BTCUSDT","t":3327793390,"p":"42978.50000000","q":"0.00034000","b":23816915362,"a":23816915229,"T":1702970610241,"m":false,"M":true}
{"e":"trade","E":1702970610244,"s":"BTCUSDT","t":3327793391,"p":"42978.50000000","q":"0.00034000","b":23816915362,"a":23816915242,"T":1702970610241,"m":false,"M":true}
{"e":"trade","E":1702970610244,"s":"BTCUSDT","t":3327793392,"p":"42978.50000000","q":"0.02595000","b":23816915362,"a":23816915272,"T":1702970610241,"m":false,"M":true}
{"e":"trade","E":1702970610244,"s":"BTCUSDT","t":3327793393,"p":"42978.50000000","q":"0.01412000","b":23816915362,"a":23816915274,"T":1702970610241,"m":false,"M":true}
{"e":"trade","E":1702970610244,"s":"BTCUSDT","t":3327793394,"p":"42978.50000000","q":"0.00034000","b":23816915362,"a":23816915297,"T":1702970610241,"m":false,"M":true}
{"e":"trade","E":1702970610244,"s":"BTCUSDT","t":3327793395,"p":"42978.50000000","q":"0.06838000","b":23816915362,"a":23816915305,"T":1702970610241,"m":false,"M":true}
{"e":"trade","E":1702970610244,"s":"BTCUSDT","t":3327793396,"p":"42978.50000000","q":"0.00048000","b":23816915362,"a":23816915347,"T":1702970610241,"m":false,"M":true}
{"e":"trade","E":1702970610244,"s":"BTCUSDT","t":3327793397,"p":"42978.50000000","q":"0.00048000","b":23816915362,"a":23816915349,"T":1702970610241,"m":false,"M":true}
{"e":"trade","E":1702970610244,"s":"BTCUSDT","t":3327793398,"p":"42978.50000000","q":"0.20000000","b":23816915362,"a":23816915351,"T":1702970610241,"m":false,"M":true}
{"e":"trade","E":1702970610244,"s":"BTCUSDT","t":3327793399,"p":"42978.52000000","q":"0.00210000","b":23816915362,"a":23816915115,"T":1702970610241,"m":false,"M":true}
{"e":"trade","E":1702970610244,"s":"BTCUSDT","t":3327793400,"p":"42978.57000000","q":"0.23275000","b":23816915362,"a":23816914798,"T":1702970610241,"m":false,"M":true}
{"e":"trade","E":1702970610244,"s":"BTCUSDT","t":3327793401,"p":"42978.57000000","q":"0.06988000","b":23816915362,"a":23816915010,"T":1702970610241,"m":false,"M":true}
{"e":"trade","E":1702970610244,"s":"BTCUSDT","t":3327793402,"p":"42978.57000000","q":"0.16287000","b":23816915363,"a":23816915010,"T":1702970610241,"m":false,"M":true}
{"e":"trade","E":1702970610244,"s":"BTCUSDT","t":3327793403,"p":"42978.58000000","q":"0.00062000","b":23816915364,"a":23816903702,"T":1702970610241,"m":false,"M":true}
{"e":"trade","E":1702970610244,"s":"BTCUSDT","t":3327793404,"p":"42978.84000000","q":"0.00062000","b":23816915364,"a":23816903715,"T":1702970610241,"m":false,"M":true}
{"e":"trade","E":1702970610244,"s":"BTCUSDT","t":3327793405,"p":"42978.84000000","q":"0.00058000","b":23816915364,"a":23816915052,"T":1702970610241,"m":false,"M":true}
{"e":"trade","E":1702970610244,"s":"BTCUSDT","t":3327793406,"p":"42979.10000000","q":"0.00062000","b":23816915364,"a":23816903736,"T":1702970610241,"m":false,"M":true}
{"e":"trade","E":1702970610244,"s":"BTCUSDT","t":3327793407,"p":"42979.36000000","q":"0.00062000","b":23816915364,"a":23816903757,"T":1702970610241,"m":false,"M":true}
{"e":"trade","E":1702970610244,"s":"BTCUSDT","t":3327793408,"p":"42979.62000000","q":"0.00062000","b":23816915364,"a":23816903771,"T":1702970610241,"m":false,"M":true}
{"e":"trade","E":1702970610244,"s":"BTCUSDT","t":3327793409,"p":"42979.88000000","q":"0.00062000","b":23816915364,"a":23816903780,"T":1702970610241,"m":false,"M":true}
{"e":"trade","E":1702970610244,"s":"BTCUSDT","t":3327793410,"p":"42980.07000000","q":"0.00020000","b":23816915364,"a":23816849606,"T":1702970610241,"m":false,"M":true}
{"e":"trade","E":1702970610244,"s":"BTCUSDT","t":3327793411,"p":"42980.07000000","q":"0.50038000","b":23816915364,"a":23816914424,"T":1702970610241,"m":false,"M":true}
{"e":"trade","E":1702970610244,"s":"BTCUSDT","t":3327793412,"p":"42980.14000000","q":"0.00062000","b":23816915364,"a":23816903655,"T":1702970610241,"m":false,"M":true}
{"e":"trade","E":1702970610244,"s":"BTCUSDT","t":3327793413,"p":"42980.40000000","q":"0.00062000","b":23816915364,"a":23816903668,"T":1702970610241,"m":false,"M":true}
{"e":"trade","E":1702970610244,"s":"BTCUSDT","t":3327793414,"p":"42980.66000000","q":"0.00062000","b":23816915364,"a":23816903683,"T":1702970610241,"m":false,"M":true}
{"e":"trade","E":1702970610244,"s":"BTCUSDT","t":3327793415,"p":"42980.66000000","q":"0.07200000","b":23816915364,"a":23816915138,"T":1702970610241,"m":false,"M":true}
{"e":"trade","E":1702970610245,"s":"BTCUSDT","t":3327793416,"p":"42980.88000000","q":"0.00012000","b":23816915365,"a":23816849078,"T":1702970610242,"m":false,"M":true}
{"e":"trade","E":1702970610245,"s":"BTCUSDT","t":3327793417,"p":"42980.92000000","q":"0.00062000","b":23816915365,"a":23816903694,"T":1702970610242,"m":false,"M":true}
{"e":"trade","E":1702970610245,"s":"BTCUSDT","t":3327793418,"p":"42981.10000000","q":"0.06980000","b":23816915365,"a":23816851159,"T":1702970610242,"m":false,"M":true}
{"e":"trade","E":1702970610245,"s":"BTCUSDT","t":3327793419,"p":"42981.18000000","q":"0.00062000","b":23816915365,"a":23816903711,"T":1702970610242,"m":false,"M":true}
{"e":"trade","E":1702970610246,"s":"BTCUSDT","t":3327793420,"p":"42981.44000000","q":"0.00062000","b":23816915366,"a":23816903721,"T":1702970610243,"m":false,"M":true}
{"e":"trade","E":1702970610246,"s":"BTCUSDT","t":3327793421,"p":"42981.70000000","q":"0.00062000","b":23816915366,"a":23816903737,"T":1702970610243,"m":false,"M":true}
{"e":"trade","E":1702970610246,"s":"BTCUSDT","t":3327793422,"p":"42981.96000000","q":"0.00062000","b":23816915366,"a":23816903755,"T":1702970610243,"m":false,"M":true}
{"e":"trade","E":1702970610246,"s":"BTCUSDT","t":3327793423,"p":"42981.96000000","q":"0.09756000","b":23816915366,"a":23816915065,"T":1702970610243,"m":false,"M":true}
{"e":"trade","E":1702970610324,"s":"BTCUSDT","t":3327793424,"p":"42982.07000000","q":"0.00500000","b":23816915715,"a":23816910478,"T":1702970610289,"m":false,"M":true}
{"e":"trade","E":1702970610324,"s":"BTCUSDT","t":3327793425,"p":"42982.22000000","q":"0.00062000","b":23816915715,"a":23816903772,"T":1702970610289,"m":false,"M":true}
{"e":"trade","E":1702970610324,"s":"BTCUSDT","t":3327793426,"p":"42982.48000000","q":"0.00062000","b":23816915715,"a":23816903784,"T":1702970610289,"m":false,"M":true}
{"e":"trade","E":1702970610324,"s":"BTCUSDT","t":3327793427,"p":"42982.69000000","q":"0.00401000","b":23816915715,"a":23816912459,"T":1702970610289,"m":false,"M":true}
{"e":"trade","E":1702970610324,"s":"BTCUSDT","t":3327793428,"p":"42982.74000000","q":"0.00062000","b":23816915715,"a":23816903654,"T":1702970610289,"m":false,"M":true}
{"e":"trade","E":1702970610620,"s":"BTCUSDT","t":3327793434,"p":"42982.94000000","q":"0.00049000","b":23816916073,"a":23816916049,"T":1702970610601,"m":false,"M":true}
{"e":"trade","E":1702970610620,"s":"BTCUSDT","t":3327793435,"p":"42982.94000000","q":"0.00049000","b":23816916073,"a":23816916064,"T":1702970610601,"m":false,"M":true}
{"e":"trade","E":1702970610620,"s":"BTCUSDT","t":3327793436,"p":"42983.00000000","q":"0.00062000","b":23816916073,"a":23816903665,"T":1702970610601,"m":false,"M":true}
{"e":"trade","E":1702970610620,"s":"BTCUSDT","t":3327793437,"p":"42983.26000000","q":"0.00062000","b":23816916073,"a":23816903677,"T":1702970610601,"m":false,"M":true}
{"e":"trade","E":1702970610620,"s":"BTCUSDT","t":3327793438,"p":"42983.52000000","q":"0.00062000","b":23816916073,"a":23816903688,"T":1702970610601,"m":false,"M":true}
{"e":"trade","E":1702970610620,"s":"BTCUSDT","t":3327793439,"p":"42983.78000000","q":"0.00062000","b":23816916073,"a":23816903707,"T":1702970610601,"m":false,"M":true}
{"e":"trade","E":1702970610620,"s":"BTCUSDT","t":3327793440,"p":"42983.91000000","q":"0.23272000","b":23816916073,"a":23816916059,"T":1702970610601,"m":false,"M":true}
{"e":"trade","E":1702970610620,"s":"BTCUSDT","t":3327793441,"p":"42984.04000000","q":"0.00062000","b":23816916073,"a":23816903713,"T":1702970610601,"m":false,"M":true}
{"e":"trade","E":1702970610620,"s":"BTCUSDT","t":3327793442,"p":"42984.09000000","q":"0.00661000","b":23816916073,"a":23816912506,"T":1702970610601,"m":false,"M":true}
{"e":"trade","E":1702970610620,"s":"BTCUSDT","t":3327793443,"p":"42984.30000000","q":"0.00062000","b":23816916073,"a":23816903728,"T":1702970610601,"m":false,"M":true}
{"e":"trade","E":1702970610650,"s":"BTCUSDT","t":3327793444,"p":"42984.56000000","q":"0.00062000","b":23816916168,"a":23816903750,"T":1702970610624,"m":false,"M":true}
{"e":"trade","E":1702970610650,"s":"BTCUSDT","t":3327793445,"p":"42984.56000000","q":"0.04125000","b":23816916168,"a":23816916163,"T":1702970610624,"m":false,"M":true}
{"e":"trade","E":1702970610650,"s":"BTCUSDT","t":3327793446,"p":"42984.56000000","q":"0.04187000","b":23816916169,"a":23816916163,"T":1702970610624,"m":false,"M":true}
{"e":"trade","E":1702970610670,"s":"BTCUSDT","t":3327793447,"p":"42984.56000000","q":"0.00248000","b":23816916204,"a":23816916163,"T":1702970610647,"m":false,"M":true}
{"e":"trade","E":1702970610713,"s":"BTCUSDT","t":3327793448,"p":"42984.82000000","q":"0.00062000","b":23816916308,"a":23816903764,"T":1702970610712,"m":false,"M":true}
{"e":"trade","E":1702970611444,"s":"BTCUSDT","t":3327793450,"p":"42985.00000000","q":"0.00040000","b":23816916641,"a":23816892269,"T":1702970611443,"m":false,"M":true}
{"e":"trade","E":1702970611444,"s":"BTCUSDT","t":3327793451,"p":"42985.00000000","q":"0.00062000","b":23816916641,"a":23816913212,"T":1702970611443,"m":false,"M":true}
{"e":"trade","E":1702970611523,"s":"BTCUSDT","t":3327793452,"p":"42985.00000000","q":"0.09998000","b":23816916648,"a":23816913212,"T":1702970611522,"m":false,"M":true}
{"e":"trade","E":1702970612103,"s":"BTCUSDT","t":3327793455,"p":"42985.00000000","q":"0.00011000","b":23816916712,"a":23816913212,"T":1702970612103,"m":false,"M":true}
{"e":"trade","E":1702970612395,"s":"BTCUSDT","t":3327793456,"p":"42985.00000000","q":"0.89929000","b":23816916755,"a":23816913212,"T":1702970612394,"m":false,"M":true}
{"e":"trade","E":1702970612395,"s":"BTCUSDT","t":3327793457,"p":"42985.00000000","q":"0.00054000","b":23816916755,"a":23816916734,"T":1702970612394,"m":false,"M":true}
{"e":"trade","E":1702970612395,"s":"BTCUSDT","t":3327793458,"p":"42985.00000000","q":"0.00135000","b":23816916755,"a":23816916750,"T":1702970612394,"m":false,"M":true}
{"e":"trade","E":1702970612395,"s":"BTCUSDT","t":3327793459,"p":"42985.08000000","q":"0.00062000","b":23816916755,"a":23816903777,"T":1702970612394,"m":false,"M":true}
{"e":"trade","E":1702970612398,"s":"BTCUSDT","t":3327793460,"p":"42985.34000000","q":"0.00062000","b":23816916768,"a":23816903645,"T":1702970612397,"m":false,"M":true}
{"e":"trade","E":1702970612403,"s":"BTCUSDT","t":3327793461,"p":"42985.60000000","q":"0.00062000","b":23816916808,"a":23816903658,"T":1702970612401,"m":false,"M":true}
{"e":"trade","E":1702970612403,"s":"BTCUSDT","t":3327793462,"p":"42985.86000000","q":"0.00062000","b":23816916808,"a":23816903673,"T":1702970612401,"m":false,"M":true}
{"e":"trade","E":1702970612415,"s":"BTCUSDT","t":3327793463,"p":"42986.10000000","q":"0.00698000","b":23816916871,"a":23816849813,"T":1702970612406,"m":false,"M":true}
{"e":"trade","E":1702970612415,"s":"BTCUSDT","t":3327793464,"p":"42986.12000000","q":"0.00062000","b":23816916871,"a":23816903686,"T":1702970612406,"m":false,"M":true}
{"e":"trade","E":1702970612415,"s":"BTCUSDT","t":3327793465,"p":"42986.14000000","q":"0.00020000","b":23816916871,"a":23816911973,"T":1702970612406,"m":false,"M":true}
{"e":"trade","E":1702970612415,"s":"BTCUSDT","t":3327793466,"p":"42986.38000000","q":"0.00062000","b":23816916871,"a":23816903700,"T":1702970612406,"m":false,"M":true}
{"e":"trade","E":1702970612415,"s":"BTCUSDT","t":3327793467,"p":"42986.64000000","q":"0.00062000","b":23816916871,"a":23816903714,"T":1702970612406,"m":false,"M":true}
{"e":"trade","E":1702970612415,"s":"BTCUSDT","t":3327793468,"p":"42986.90000000","q":"0.00062000","b":23816916871,"a":23816903725,"T":1702970612406,"m":false,"M":true}
{"e":"trade","E":1702970612416,"s":"BTCUSDT","t":3327793469,"p":"42987.16000000","q":"0.00062000","b":23816916873,"a":23816903743,"T":1702970612407,"m":false,"M":true}
{"e":"trade","E":1702970612436,"s":"BTCUSDT","t":3327793470,"p":"42987.42000000","q":"0.00062000","b":23816916960,"a":23816903754,"T":1702970612418,"m":false,"M":true}
{"e":"trade","E":1702970612455,"s":"BTCUSDT","t":3327793471,"p":"42987.67000000","q":"0.00386000","b":23816917055,"a":23816916413,"T":1702970612442,"m":false,"M":true}
{"e":"trade","E":1702970612495,"s":"BTCUSDT","t":3327793473,"p":"42987.67000000","q":"0.00340000","b":23816917107,"a":23816917061,"T":1702970612493,"m":false,"M":true}
{"e":"trade","E":1702970612495,"s":"BTCUSDT","t":3327793474,"p":"42987.68000000","q":"0.00062000","b":23816917107,"a":23816903767,"T":1702970612493,"m":false,"M":true}
{"e":"trade","E":1702970612495,"s":"BTCUSDT","t":3327793475,"p":"42987.94000000","q":"0.00062000","b":23816917107,"a":23816903657,"T":1702970612493,"m":false,"M":true}
{"e":"trade","E":1702970612495,"s":"BTCUSDT","t":3327793476,"p":"42988.20000000","q":"0.00062000","b":23816917107,"a":23816903667,"T":1702970612493,"m":false,"M":true}
{"e":"trade","E":1702970612495,"s":"BTCUSDT","t":3327793477,"p":"42988.46000000","q":"0.00062000","b":23816917107,"a":23816903681,"T":1702970612493,"m":false,"M":true}
{"e":"trade","E":1702970612495,"s":"BTCUSDT","t":3327793478,"p":"42988.72000000","q":"0.00062000","b":23816917107,"a":23816903692,"T":1702970612493,"m":false,"M":true}
{"e":"trade","E":1702970612842,"s":"BTCUSDT","t":3327793482,"p":"42988.81000000","q":"0.05000000","b":23816917396,"a":23816912683,"T":1702970612841,"m":false,"M":true}
{"e":"trade","E":1702970612845,"s":"BTCUSDT","t":3327793483,"p":"42988.81000000","q":"0.00338000","b":23816917400,"a":23816917347,"T":1702970612844,"m":false,"M":true}
{"e":"trade","E":1702970612845,"s":"BTCUSDT","t":3327793484,"p":"42988.88000000","q":"0.00023000","b":23816917400,"a":23816883449,"T":1702970612844,"m":false,"M":true}
{"e":"trade","E":1702970612845,"s":"BTCUSDT","t":3327793485,"p":"42988.98000000","q":"0.00062000","b":23816917400,"a":23816903705,"T":1702970612844,"m":false,"M":true}
{"e":"trade","E":1702970612845,"s":"BTCUSDT","t":3327793486,"p":"42989.05000000","q":"0.00020000","b":23816917400,"a":23816891848,"T":1702970612844,"m":false,"M":true}
{"e":"trade","E":1702970612845,"s":"BTCUSDT","t":3327793487,"p":"42989.24000000","q":"0.00062000","b":23816917400,"a":23816903719,"T":1702970612844,"m":false,"M":true}
{"e":"trade","E":1702970612845,"s":"BTCUSDT","t":3327793488,"p":"42989.50000000","q":"0.00062000","b":23816917400,"a":23816903730,"T":1702970612844,"m":false,"M":true}
{"e":"trade","E":1702970612845,"s":"BTCUSDT","t":3327793489,"p":"42989.76000000","q":"0.00062000","b":23816917400,"a":23816903749,"T":1702970612844,"m":false,"M":true}
{"e":"trade","E":1702970612845,"s":"BTCUSDT","t":3327793490,"p":"42990.02000000","q":"0.00062000","b":23816917400,"a":23816903763,"T":1702970612844,"m":false,"M":true}
{"e":"trade","E":1702970612845,"s":"BTCUSDT","t":3327793491,"p":"42990.28000000","q":"0.00062000","b":23816917400,"a":23816903778,"T":1702970612844,"m":false,"M":true}
{"e":"trade","E":1702970613559,"s":"BTCUSDT","t":3327793492,"p":"42990.53000000","q":"0.00367000","b":23816917727,"a":23816913177,"T":1702970613558,"m":false,"M":true}
{"e":"trade","E":1702970613660,"s":"BTCUSDT","t":3327793493,"p":"42990.53000000","q":"0.01633000","b":23816917761,"a":23816913177,"T":1702970613659,"m":false,"M":true}
{"e":"trade","E":1702970613660,"s":"BTCUSDT","t":3327793494,"p":"42990.53000000","q":"0.00693000","b":23816917761,"a":23816915261,"T":1702970613659,"m":false,"M":true}
{"e":"trade","E":1702970616068,"s":"BTCUSDT","t":3327793500,"p":"42990.53000000","q":"0.00039000","b":23816918009,"a":23816915261,"T":1702970616067,"m":false,"M":true}
{"e":"trade","E":1702970616249,"s":"BTCUSDT","t":3327793501,"p":"42990.53000000","q":"0.00322000","b":23816918027,"a":23816915261,"T":1702970616248,"m":false,"M":true}
{"e":"trade","E":1702970616341,"s":"BTCUSDT","t":3327793502,"p":"42990.53000000","q":"0.00946000","b":23816918037,"a":23816915261,"T":1702970616341,"m":false,"M":true}
{"e":"trade","E":1702970616341,"s":"BTCUSDT","t":3327793503,"p":"42990.53000000","q":"0.03702000","b":23816918037,"a":23816917813,"T":1702970616341,"m":false,"M":true}
{"e":"trade","E":1702970616984,"s":"BTCUSDT","t":3327793504,"p":"42990.53000000","q":"0.00042000","b":23816918064,"a":23816917813,"T":1702970616983,"m":false,"M":true}
{"e":"trade","E":1702970617441,"s":"BTCUSDT","t":3327793506,"p":"42990.53000000","q":"0.00024000","b":23816918097,"a":23816917813,"T":1702970617439,"m":false,"M":true}
{"e":"trade","E":1702970617769,"s":"BTCUSDT","t":3327793507,"p":"42990.53000000","q":"0.00016000","b":23816918121,"a":23816917813,"T":1702970617768,"m":false,"M":true}
{"e":"trade","E":1702970619183,"s":"BTCUSDT","t":3327793508,"p":"42990.53000000","q":"0.00272000","b":23816918231,"a":23816917813,"T":1702970619182,"m":false,"M":true}
{"e":"trade","E":1702970619820,"s":"BTCUSDT","t":3327793513,"p":"42990.53000000","q":"0.11630000","b":23816918282,"a":23816917813,"T":1702970619819,"m":false,"M":true}
{"e":"trade","E":1702970620048,"s":"BTCUSDT","t":3327793515,"p":"42990.53000000","q":"0.00787000","b":23816918298,"a":23816917813,"T":1702970620047,"m":false,"M":true}
{"e":"trade","E":1702970621310,"s":"BTCUSDT","t":3327793519,"p":"42990.53000000","q":"0.00202000","b":23816918356,"a":23816917813,"T":1702970621309,"m":false,"M":true}
{"e":"trade","E":1702970621371,"s":"BTCUSDT","t":3327793520,"p":"42990.53000000","q":"0.00123000","b":23816918363,"a":23816917813,"T":1702970621371,"m":false,"M":true}
{"e":"trade","E":1702970621986,"s":"BTCUSDT","t":3327793523,"p":"42990.53000000","q":"0.00348000","b":23816918388,"a":23816917813,"T":1702970621986,"m":false,"M":true}
{"e":"trade","E":1702970624821,"s":"BTCUSDT","t":3327793529,"p":"42990.53000000","q":"0.00015000","b":23816918544,"a":23816917813,"T":1702970624821,"m":false,"M":true}
{"e":"trade","E":1702970625565,"s":"BTCUSDT","t":3327793531,"p":"42990.53000000","q":"0.00027000","b":23816918583,"a":23816917813,"T":1702970625565,"m":false,"M":true}
{"e":"trade","E":1702970626629,"s":"BTCUSDT","t":3327793535,"p":"42990.53000000","q":"0.00077000","b":23816918649,"a":23816917813,"T":1702970626625,"m":false,"M":true}
{"e":"trade","E":1702970627254,"s":"BTCUSDT","t":3327793537,"p":"42990.53000000","q":"0.00070000","b":23816918680,"a":23816917813,"T":1702970627253,"m":false,"M":true}
{"e":"trade","E":1702970627331,"s":"BTCUSDT","t":3327793538,"p":"42990.53000000","q":"0.02683000","b":23816918683,"a":23816917813,"T":1702970627330,"m":false,"M":true}
{"e":"trade","E":1702970627796,"s":"BTCUSDT","t":3327793541,"p":"42990.53000000","q":"0.07982000","b":23816918713,"a":23816917813,"T":1702970627795,"m":false,"M":true}
{"e":"trade","E":1702970627796,"s":"BTCUSDT","t":3327793542,"p":"42990.53000000","q":"0.00034000","b":23816918713,"a":23816917844,"T":1702970627795,"m":false,"M":true}
{"e":"trade","E":1702970627796,"s":"BTCUSDT","t":3327793543,"p":"42990.53000000","q":"0.00034000","b":23816918713,"a":23816917946,"T":1702970627795,"m":false,"M":true}
{"e":"trade","E":1702970627796,"s":"BTCUSDT","t":3327793544,"p":"42990.53000000","q":"0.04952000","b":23816918713,"a":23816918295,"T":1702970627795,"m":false,"M":true}
{"e":"trade","E":1702970628440,"s":"BTCUSDT","t":3327793546,"p":"42990.53000000","q":"0.00137000","b":23816918756,"a":23816918295,"T":1702970628440,"m":false,"M":true}
{"e":"trade","E":1702970629695,"s":"BTCUSDT","t":3327793547,"p":"42990.53000000","q":"0.01163000","b":23816918796,"a":23816918295,"T":1702970629694,"m":false,"M":true}
{"e":"trade","E":1702970630513,"s":"BTCUSDT","t":3327793551,"p":"42990.53000000","q":"0.18610000","b":23816918820,"a":23816918295,"T":1702970630512,"m":false,"M":true}
{"e":"trade","E":1702970630673,"s":"BTCUSDT","t":3327793552,"p":"42990.53000000","q":"0.00941000","b":23816918826,"a":23816918295,"T":1702970630672,"m":false,"M":true}
{"e":"trade","E":1702970631565,"s":"BTCUSDT","t":3327793553,"p":"42990.53000000","q":"0.00012000","b":23816918856,"a":23816918295,"T":1702970631564,"m":false,"M":true}
{"e":"trade","E":1702970631751,"s":"BTCUSDT","t":3327793554,"p":"42990.53000000","q":"0.00027000","b":23816918861,"a":23816918295,"T":1702970631750,"m":false,"M":true}
{"e":"trade","E":1702970631906,"s":"BTCUSDT","t":3327793555,"p":"42990.53000000","q":"0.15390000","b":23816918865,"a":23816918295,"T":1702970631905,"m":false,"M":true}
{"e":"trade","E":1702970631906,"s":"BTCUSDT","t":3327793556,"p":"42990.53000000","q":"0.00034000","b":23816918865,"a":23816918416,"T":1702970631905,"m":false,"M":true}
{"e":"trade","E":1702970631906,"s":"BTCUSDT","t":3327793557,"p":"42990.53000000","q":"0.00034000","b":23816918865,"a":23816918482,"T":1702970631905,"m":false,"M":true}
{"e":"trade","E":1702970631906,"s":"BTCUSDT","t":3327793558,"p":"42990.53000000","q":"0.00327000","b":23816918865,"a":23816918496,"T":1702970631905,"m":false,"M":true}
{"e":"trade","E":1702970631906,"s":"BTCUSDT","t":3327793559,"p":"42990.53000000","q":"0.01169000","b":23816918865,"a":23816918503,"T":1702970631905,"m":false,"M":true}
{"e":"trade","E":1702970631906,"s":"BTCUSDT","t":3327793560,"p":"42990.53000000","q":"0.20441000","b":23816918865,"a":23816918714,"T":1702970631905,"m":false,"M":true}
{"e":"trade","E":1702970631927,"s":"BTCUSDT","t":3327793564,"p":"42990.53000000","q":"0.00149000","b":23816918869,"a":23816918714,"T":1702970631926,"m":false,"M":true}
{"e":"trade","E":1702970631927,"s":"BTCUSDT","t":3327793565,"p":"42990.53000000","q":"0.00137000","b":23816918869,"a":23816918787,"T":1702970631926,"m":false,"M":true}
{"e":"trade","E":1702970631927,"s":"BTCUSDT","t":3327793566,"p":"42990.53000000","q":"0.00034000","b":23816918869,"a":23816918843,"T":1702970631926,"m":false,"M":true}
{"e":"trade","E":1702970631927,"s":"BTCUSDT","t":3327793567,"p":"42990.53000000","q":"0.02820000","b":23816918869,"a":23816918852,"T":1702970631926,"m":false,"M":true}
{"e":"trade","E":1702970631927,"s":"BTCUSDT","t":3327793568,"p":"42990.53000000","q":"0.07886000","b":23816918869,"a":23816918867,"T":1702970631926,"m":false,"M":true}
{"e":"trade","E":1702970631931,"s":"BTCUSDT","t":3327793569,"p":"42990.53000000","q":"0.00720000","b":23816918870,"a":23816918867,"T":1702970631930,"m":false,"M":true}
{"e":"trade","E":1702970631931,"s":"BTCUSDT","t":3327793570,"p":"42990.53000000","q":"0.00164000","b":23816918870,"a":23816918868,"T":1702970631930,"m":false,"M":true}
{"e":"trade","E":1702970631931,"s":"BTCUSDT","t":3327793571,"p":"42990.54000000","q":"0.00062000","b":23816918870,"a":23816903646,"T":1702970631930,"m":false,"M":true}
{"e":"trade","E":1702970632348,"s":"BTCUSDT","t":3327793573,"p":"42990.56000000","q":"0.00186000","b":23816918966,"a":23816917814,"T":1702970632346,"m":false,"M":true}
{"e":"trade","E":1702970632350,"s":"BTCUSDT","t":3327793574,"p":"42990.56000000","q":"0.00045000","b":23816918968,"a":23816917814,"T":1702970632349,"m":false,"M":true}
{"e":"trade","E":1702970632532,"s":"BTCUSDT","t":3327793577,"p":"42990.56000000","q":"0.00180000","b":23816918975,"a":23816917814,"T":1702970632531,"m":false,"M":true}
{"e":"trade","E":1702970632715,"s":"BTCUSDT","t":3327793578,"p":"42990.56000000","q":"0.01862000","b":23816918987,"a":23816917814,"T":1702970632715,"m":false,"M":true}
{"e":"trade","E":1702970633496,"s":"BTCUSDT","t":3327793579,"p":"42990.56000000","q":"0.00066000","b":23816919017,"a":23816917814,"T":1702970633495,"m":false,"M":true}
{"e":"trade","E":1702970633778,"s":"BTCUSDT","t":3327793581,"p":"42990.56000000","q":"0.00072000","b":23816919035,"a":23816917814,"T":1702970633777,"m":false,"M":true}
{"e":"trade","E":1702970633790,"s":"BTCUSDT","t":3327793582,"p":"42990.56000000","q":"0.00478000","b":23816919036,"a":23816917814,"T":1702970633789,"m":false,"M":true}
{"e":"trade","E":1702970633875,"s":"BTCUSDT","t":3327793583,"p":"42990.56000000","q":"0.10462000","b":23816919047,"a":23816917814,"T":1702970633873,"m":false,"M":true}
{"e":"trade","E":1702970633875,"s":"BTCUSDT","t":3327793584,"p":"42990.56000000","q":"0.00082000","b":23816919047,"a":23816918919,"T":1702970633873,"m":false,"M":true}
{"e":"trade","E":1702970633875,"s":"BTCUSDT","t":3327793585,"p":"42990.56000000","q":"0.01326000","b":23816919047,"a":23816918939,"T":1702970633873,"m":false,"M":true}
{"e":"trade","E":1702970633875,"s":"BTCUSDT","t":3327793586,"p":"42990.56000000","q":"0.00034000","b":23816919047,"a":23816919016,"T":1702970633873,"m":false,"M":true}
{"e":"trade","E":1702970633875,"s":"BTCUSDT","t":3327793587,"p":"42990.56000000","q":"0.00106000","b":23816919047,"a":23816919027,"T":1702970633873,"m":false,"M":true}
{"e":"trade","E":1702970633875,"s":"BTCUSDT","t":3327793588,"p":"42990.58000000","q":"0.00210000","b":23816919047,"a":23816918723,"T":1702970633873,"m":false,"M":true}
{"e":"trade","E":1702970633875,"s":"BTCUSDT","t":3327793589,"p":"42990.60000000","q":"0.06387000","b":23816919047,"a":23816919003,"T":1702970633873,"m":false,"M":true}
{"e":"trade","E":1702970635254,"s":"BTCUSDT","t":3327793598,"p":"42990.66000000","q":"0.13732000","b":23816919259,"a":23816917812,"T":1702970635253,"m":false,"M":true}
{"e":"trade","E":1702970636331,"s":"BTCUSDT","t":3327793601,"p":"42990.66000000","q":"0.00020000","b":23816919297,"a":23816917812,"T":1702970636330,"m":false,"M":true}
{"e":"trade","E":1702970636356,"s":"BTCUSDT","t":3327793602,"p":"42990.66000000","q":"0.00020000","b":23816919298,"a":23816917812,"T":1702970636355,"m":false,"M":true}
{"e":"trade","E":1702970637168,"s":"BTCUSDT","t":3327793607,"p":"42990.66000000","q":"0.00079000","b":23816919334,"a":23816917812,"T":1702970637167,"m":false,"M":true}
{"e":"trade","E":1702970637275,"s":"BTCUSDT","t":3327793608,"p":"42990.66000000","q":"0.00054000","b":23816919336,"a":23816917812,"T":1702970637275,"m":false,"M":true}
{"e":"trade","E":1702970638078,"s":"BTCUSDT","t":3327793609,"p":"42990.66000000","q":"0.00019000","b":23816919355,"a":23816917812,"T":1702970638077,"m":false,"M":true}
{"e":"trade","E":1702970638263,"s":"BTCUSDT","t":3327793610,"p":"42990.66000000","q":"0.00381000","b":23816919361,"a":23816917812,"T":1702970638262,"m":false,"M":true}
{"e":"trade","E":1702970638967,"s":"BTCUSDT","t":3327793640,"p":"42990.53000000","q":"0.00735000","b":23816919691,"a":23816919563,"T":1702970638965,"m":false,"M":true}
{"e":"trade","E":1702970639976,"s":"BTCUSDT","t":3327793646,"p":"42990.53000000","q":"0.00210000","b":23816919854,"a":23816919563,"T":1702970639975,"m":false,"M":true}
{"e":"trade","E":1702970639982,"s":"BTCUSDT","t":3327793651,"p":"42990.53000000","q":"0.00056000","b":23816919859,"a":23816919563,"T":1702970639982,"m":false,"M":true}
{"e":"trade","E":1702970639983,"s":"BTCUSDT","t":3327793652,"p":"42990.53000000","q":"0.00072000","b":23816919860,"a":23816919563,"T":1702970639982,"m":false,"M":true}
{"e":"trade","E":1702970639983,"s":"BTCUSDT","t":3327793653,"p":"42990.53000000","q":"0.00137000","b":23816919861,"a":23816919563,"T":1702970639983,"m":false,"M":true}
{"e":"trade","E":1702970639985,"s":"BTCUSDT","t":3327793654,"p":"42990.53000000","q":"0.00142000","b":23816919862,"a":23816919563,"T":1702970639984,"m":false,"M":true}
{"e":"trade","E":1702970639986,"s":"BTCUSDT","t":3327793655,"p":"42990.53000000","q":"0.00107000","b":23816919864,"a":23816919563,"T":1702970639985,"m":false,"M":true}
{"e":"trade","E":1702970639986,"s":"BTCUSDT","t":3327793656,"p":"42990.53000000","q":"0.00248000","b":23816919865,"a":23816919563,"T":1702970639986,"m":false,"M":true}
{"e":"trade","E":1702970639987,"s":"BTCUSDT","t":3327793659,"p":"42990.53000000","q":"0.00111000","b":23816919868,"a":23816919563,"T":1702970639986,"m":false,"M":true}
{"e":"trade","E":1702970639987,"s":"BTCUSDT","t":3327793660,"p":"42990.53000000","q":"0.00118000","b":23816919869,"a":23816919563,"T":1702970639987,"m":false,"M":true}
{"e":"trade","E":1702970639989,"s":"BTCUSDT","t":3327793664,"p":"42990.53000000","q":"0.00230000","b":23816919873,"a":23816919563,"T":1702970639988,"m":false,"M":true}
{"e":"trade","E":1702970639989,"s":"BTCUSDT","t":3327793665,"p":"42990.53000000","q":"0.00193000","b":23816919874,"a":23816919563,"T":1702970639988,"m":false,"M":true}
{"e":"trade","E":1702970639990,"s":"BTCUSDT","t":3327793666,"p":"42990.53000000","q":"0.00090000","b":23816919875,"a":23816919563,"T":1702970639989,"m":false,"M":true}
{"e":"trade","E":1702970639990,"s":"BTCUSDT","t":3327793667,"p":"42990.53000000","q":"0.00094000","b":23816919876,"a":23816919563,"T":1702970639990,"m":false,"M":true}
{"e":"trade","E":1702970639995,"s":"BTCUSDT","t":3327793668,"p":"42990.53000000","q":"0.00186000","b":23816919878,"a":23816919563,"T":1702970639995,"m":false,"M":true}
{"e":"trade","E":1702970639996,"s":"BTCUSDT","t":3327793670,"p":"42990.53000000","q":"0.00150000","b":23816919880,"a":23816919563,"T":1702970639995,"m":false,"M":true}
{"e":"trade","E":1702970639997,"s":"BTCUSDT","t":3327793672,"p":"42990.53000000","q":"0.00157000","b":23816919882,"a":23816919563,"T":1702970639996,"m":false,"M":true}
{"e":"trade","E":1702970639998,"s":"BTCUSDT","t":3327793673,"p":"42990.53000000","q":"0.00145000","b":23816919883,"a":23816919563,"T":1702970639998,"m":false,"M":true}
{"e":"trade","E":1702970640003,"s":"BTCUSDT","t":3327793675,"p":"42990.53000000","q":"0.00125000","b":23816919885,"a":23816919563,"T":1702970640002,"m":false,"M":true}
{"e":"trade","E":1702970640008,"s":"BTCUSDT","t":3327793687,"p":"42990.53000000","q":"0.00238000","b":23816919893,"a":23816919563,"T":1702970640007,"m":false,"M":true}
{"e":"trade","E":1702970640008,"s":"BTCUSDT","t":3327793689,"p":"42990.53000000","q":"0.00234000","b":23816919895,"a":23816919563,"T":1702970640008,"m":false,"M":true}
{"e":"trade","E":1702970640009,"s":"BTCUSDT","t":3327793690,"p":"42990.53000000","q":"0.00255000","b":23816919896,"a":23816919563,"T":1702970640008,"m":false,"M":true}
{"e":"trade","E":1702970640009,"s":"BTCUSDT","t":3327793692,"p":"42990.53000000","q":"0.00190000","b":23816919898,"a":23816919563,"T":1702970640008,"m":false,"M":true}
{"e":"trade","E":1702970640009,"s":"BTCUSDT","t":3327793693,"p":"42990.53000000","q":"0.00078000","b":23816919899,"a":23816919563,"T":1702970640008,"m":false,"M":true}
{"e":"trade","E":1702970640010,"s":"BTCUSDT","t":3327793694,"p":"42990.53000000","q":"0.00084000","b":23816919900,"a":23816919563,"T":1702970640010,"m":false,"M":true}
{"e":"trade","E":1702970640012,"s":"BTCUSDT","t":3327793698,"p":"42990.53000000","q":"0.00215000","b":23816919904,"a":23816919563,"T":1702970640011,"m":false,"M":true}
{"e":"trade","E":1702970640013,"s":"BTCUSDT","t":3327793700,"p":"42990.53000000","q":"0.00158000","b":23816919907,"a":23816919563,"T":1702970640012,"m":false,"M":true}
{"e":"trade","E":1702970640016,"s":"BTCUSDT","t":3327793704,"p":"42990.53000000","q":"0.00208000","b":23816919912,"a":23816919563,"T":1702970640015,"m":false,"M":true}
{"e":"trade","E":1702970640444,"s":"BTCUSDT","t":3327793708,"p":"42990.53000000","q":"0.01932000","b":23816920042,"a":23816919564,"T":1702970640442,"m":false,"M":true}
{"e":"trade","E":1702970640655,"s":"BTCUSDT","t":3327793711,"p":"42990.53000000","q":"0.00232000","b":23816920127,"a":23816919564,"T":1702970640654,"m":false,"M":true}
{"e":"trade","E":1702970640700,"s":"BTCUSDT","t":3327793712,"p":"42990.53000000","q":"0.02656000","b":23816920138,"a":23816919564,"T":1702970640698,"m":false,"M":true}
{"e":"trade","E":1702970640700,"s":"BTCUSDT","t":3327793713,"p":"42990.53000000","q":"0.11000000","b":23816920138,"a":23816919566,"T":1702970640698,"m":false,"M":true}
{"e":"trade","E":1702970640700,"s":"BTCUSDT","t":3327793714,"p":"42990.53000000","q":"0.02762000","b":23816920138,"a":23816919585,"T":1702970640698,"m":false,"M":true}
{"e":"trade","E":1702970640700,"s":"BTCUSDT","t":3327793715,"p":"42990.53000000","q":"0.05319000","b":23816920138,"a":23816919586,"T":1702970640698,"m":false,"M":true}
{"e":"trade","E":1702970640700,"s":"BTCUSDT","t":3327793716,"p":"42990.53000000","q":"0.09000000","b":23816920138,"a":23816919587,"T":1702970640698,"m":false,"M":true}
{"e":"trade","E":1702970640700,"s":"BTCUSDT","t":3327793717,"p":"42990.53000000","q":"0.02099000","b":23816920138,"a":23816919622,"T":1702970640698,"m":false,"M":true}
{"e":"trade","E":1702970640700,"s":"BTCUSDT","t":3327793718,"p":"42990.53000000","q":"0.00034000","b":23816920138,"a":23816919640,"T":1702970640698,"m":false,"M":true}
{"e":"trade","E":1702970640700,"s":"BTCUSDT","t":3327793719,"p":"42990.53000000","q":"0.00182000","b":23816920138,"a":23816919796,"T":1702970640698,"m":false,"M":true}
{"e":"trade","E":1702970640707,"s":"BTCUSDT","t":3327793720,"p":"42990.66000000","q":"0.00034000","b":23816920162,"a":23816919368,"T":1702970640706,"m":false,"M":true}
{"e":"trade","E":1702970640707,"s":"BTCUSDT","t":3327793721,"p":"42990.67000000","q":"0.00210000","b":23816920162,"a":23816919282,"T":1702970640706,"m":false,"M":true}
{"e":"trade","E":1702970640707,"s":"BTCUSDT","t":3327793722,"p":"42990.80000000","q":"0.00062000","b":23816920162,"a":23816903656,"T":1702970640706,"m":false,"M":true}
{"e":"trade","E":1702970640707,"s":"BTCUSDT","t":3327793723,"p":"42991.00000000","q":"0.00430000","b":23816920162,"a":23816920151,"T":1702970640706,"m":false,"M":true}
{"e":"trade","E":1702970640846,"s":"BTCUSDT","t":3327793725,"p":"42991.00000000","q":"0.00013000","b":23816920274,"a":23816920151,"T":1702970640845,"m":false,"M":true}
{"e":"trade","E":1702970641736,"s":"BTCUSDT","t":3327793729,"p":"42991.00000000","q":"0.00094000","b":23816920473,"a":23816920151,"T":1702970641736,"m":false,"M":true}
{"e":"trade","E":1702970641952,"s":"BTCUSDT","t":3327793731,"p":"42991.00000000","q":"0.00378000","b":23816920500,"a":23816920151,"T":1702970641951,"m":false,"M":true}
{"e":"trade","E":1702970643422,"s":"BTCUSDT","t":3327793740,"p":"42991.00000000","q":"0.00234000","b":23816920711,"a":23816920151,"T":1702970643421,"m":false,"M":true}
{"e":"trade","E":1702970643736,"s":"BTCUSDT","t":3327793741,"p":"42991.00000000","q":"0.00031000","b":23816920735,"a":23816920151,"T":1702970643735,"m":false,"M":true}
{"e":"trade","E":1702970643736,"s":"BTCUSDT","t":3327793742,"p":"42991.00000000","q":"0.00185000","b":23816920736,"a":23816920151,"T":1702970643735,"m":false,"M":true}
{"e":"trade","E":1702970643738,"s":"BTCUSDT","t":3327793743,"p":"42991.00000000","q":"0.00047000","b":23816920737,"a":23816920151,"T":1702970643737,"m":false,"M":true}
{"e":"trade","E":1702970643935,"s":"BTCUSDT","t":3327793744,"p":"42991.00000000","q":"0.03638000","b":23816920774,"a":23816920151,"T":1702970643934,"m":false,"M":true}
{"e":"trade","E":1702970644195,"s":"BTCUSDT","t":3327793745,"p":"42991.00000000","q":"0.05546000","b":23816920810,"a":23816920151,"T":1702970644194,"m":false,"M":true}
{"e":"trade","E":1702970644987,"s":"BTCUSDT","t":3327793746,"p":"42991.00000000","q":"0.00112000","b":23816920889,"a":23816920151,"T":1702970644986,"m":false,"M":true}
{"e":"trade","E":1702970645759,"s":"BTCUSDT","t":3327793753,"p":"42991.00000000","q":"0.00414000","b":23816920947,"a":23816920151,"T":1702970645758,"m":false,"M":true}
{"e":"trade","E":1702970645759,"s":"BTCUSDT","t":3327793754,"p":"42991.00000000","q":"0.00808000","b":23816920947,"a":23816920590,"T":1702970645758,"m":false,"M":true}
{"e":"trade","E":1702970645762,"s":"BTCUSDT","t":3327793755,"p":"42991.00000000","q":"0.01104000","b":23816920948,"a":23816920590,"T":1702970645761,"m":false,"M":true}
{"e":"trade","E":1702970645762,"s":"BTCUSDT","t":3327793756,"p":"42991.00000000","q":"0.00030000","b":23816920948,"a":23816920785,"T":1702970645761,"m":false,"M":true}
{"e":"trade","E":1702970645765,"s":"BTCUSDT","t":3327793757,"p":"42991.00000000","q":"0.00052000","b":23816920949,"a":23816920785,"T":1702970645764,"m":false,"M":true}
{"e":"trade","E":1702970645765,"s":"BTCUSDT","t":3327793758,"p":"42991.00000000","q":"0.00331000","b":23816920949,"a":23816920835,"T":1702970645764,"m":false,"M":true}
{"e":"trade","E":1702970645768,"s":"BTCUSDT","t":3327793759,"p":"42991.03000000","q":"0.00210000","b":23816920972,"a":23816920670,"T":1702970645767,"m":false,"M":true}
{"e":"trade","E":1702970645774,"s":"BTCUSDT","t":3327793760,"p":"42991.06000000","q":"0.00062000","b":23816921021,"a":23816903666,"T":1702970645773,"m":false,"M":true}
{"e":"trade","E":1702970645971,"s":"BTCUSDT","t":3327793761,"p":"42991.10000000","q":"0.06978000","b":23816921095,"a":23816849810,"T":1702970645970,"m":false,"M":true}
{"e":"trade","E":1702970645971,"s":"BTCUSDT","t":3327793762,"p":"42991.10000000","q":"0.00989000","b":23816921095,"a":23816921088,"T":1702970645970,"m":false,"M":true}
{"e":"trade","E":1702970645971,"s":"BTCUSDT","t":3327793763,"p":"42991.32000000","q":"0.00062000","b":23816921095,"a":23816903680,"T":1702970645970,"m":false,"M":true}
{"e":"trade","E":1702970645971,"s":"BTCUSDT","t":3327793764,"p":"42991.40000000","q":"0.00168000","b":23816921095,"a":23816847633,"T":1702970645970,"m":false,"M":true}
{"e":"trade","E":1702970646234,"s":"BTCUSDT","t":3327793765,"p":"42991.40000000","q":"0.00332000","b":23816921188,"a":23816847633,"T":1702970646233,"m":false,"M":true}
{"e":"trade","E":1702970646234,"s":"BTCUSDT","t":3327793766,"p":"42991.40000000","q":"0.00161000","b":23816921188,"a":23816848167,"T":1702970646233,"m":false,"M":true}
{"e":"trade","E":1702970646237,"s":"BTCUSDT","t":3327793767,"p":"42991.40000000","q":"0.00079000","b":23816921189,"a":23816848167,"T":1702970646236,"m":false,"M":true}
{"e":"trade","E":1702970646237,"s":"BTCUSDT","t":3327793768,"p":"42991.40000000","q":"0.00232000","b":23816921189,"a":23816849299,"T":1702970646236,"m":false,"M":true}
{"e":"trade","E":1702970646237,"s":"BTCUSDT","t":3327793769,"p":"42991.40000000","q":"0.00069000","b":23816921189,"a":23816851302,"T":1702970646236,"m":false,"M":true}
{"e":"trade","E":1702970646237,"s":"BTCUSDT","t":3327793770,"p":"42991.58000000","q":"0.00062000","b":23816921190,"a":23816903691,"T":1702970646236,"m":false,"M":true}
{"e":"trade","E":1702970646237,"s":"BTCUSDT","t":3327793771,"p":"42991.84000000","q":"0.00062000","b":23816921190,"a":23816903706,"T":1702970646236,"m":false,"M":true}
{"e":"trade","E":1702970646695,"s":"BTCUSDT","t":3327793773,"p":"42992.09000000","q":"0.06187000","b":23816921325,"a":23816920880,"T":1702970646694,"m":false,"M":true}
{"e":"trade","E":1702970646908,"s":"BTCUSDT","t":3327793776,"p":"42992.09000000","q":"0.10113000","b":23816921344,"a":23816920880,"T":1702970646907,"m":false,"M":true}
{"e":"trade","E":1702970646908,"s":"BTCUSDT","t":3327793777,"p":"42992.09000000","q":"0.14029000","b":23816921344,"a":23816921221,"T":1702970646907,"m":false,"M":true}
{"e":"trade","E":1702970647512,"s":"BTCUSDT","t":3327793778,"p":"42992.09000000","q":"0.00034000","b":23816921391,"a":23816921298,"T":1702970647511,"m":false,"M":true}
{"e":"trade","E":1702970647512,"s":"BTCUSDT","t":3327793779,"p":"42992.09000000","q":"0.00109000","b":23816921391,"a":23816921349,"T":1702970647511,"m":false,"M":true}
{"e":"trade","E":1702970647512,"s":"BTCUSDT","t":3327793780,"p":"42992.09000000","q":"0.00043000","b":23816921391,"a":23816921390,"T":1702970647511,"m":false,"M":true}
{"e":"trade","E":1702970647512,"s":"BTCUSDT","t":3327793781,"p":"42992.09000000","q":"0.00185000","b":23816921392,"a":23816921390,"T":1702970647511,"m":false,"M":true}
{"e":"trade","E":1702970647512,"s":"BTCUSDT","t":3327793782,"p":"42992.09000000","q":"0.00188000","b":23816921393,"a":23816921390,"T":1702970647511,"m":false,"M":true}
{"e":"trade","E":1702970647512,"s":"BTCUSDT","t":3327793783,"p":"42992.10000000","q":"0.00062000","b":23816921393,"a":23816903722,"T":1702970647511,"m":false,"M":true}
{"e":"trade","E":1702970647512,"s":"BTCUSDT","t":3327793784,"p":"42992.36000000","q":"0.00027000","b":23816921393,"a":23816903744,"T":1702970647511,"m":false,"M":true}
{"e":"trade","E":1702970647512,"s":"BTCUSDT","t":3327793785,"p":"42992.36000000","q":"0.00035000","b":23816921394,"a":23816903744,"T":1702970647511,"m":false,"M":true}
{"e":"trade","E":1702970647512,"s":"BTCUSDT","t":3327793786,"p":"42992.44000000","q":"0.00149000","b":23816921394,"a":23816921299,"T":1702970647511,"m":false,"M":true}
{"e":"trade","E":1702970647513,"s":"BTCUSDT","t":3327793787,"p":"42992.44000000","q":"0.00185000","b":23816921397,"a":23816921299,"T":1702970647512,"m":false,"M":true}
{"e":"trade","E":1702970647514,"s":"BTCUSDT","t":3327793788,"p":"42992.44000000","q":"0.00046000","b":23816921402,"a":23816921299,"T":1702970647513,"m":false,"M":true}
{"e":"trade","E":1702970647514,"s":"BTCUSDT","t":3327793789,"p":"42992.44000000","q":"0.00047000","b":23816921404,"a":23816921299,"T":1702970647513,"m":false,"M":true}
{"e":"trade","E":1702970647514,"s":"BTCUSDT","t":3327793790,"p":"42992.44000000","q":"0.00071000","b":23816921407,"a":23816921299,"T":1702970647513,"m":false,"M":true}
{"e":"trade","E":1702970647516,"s":"BTCUSDT","t":3327793791,"p":"42992.44000000","q":"0.00048000","b":23816921431,"a":23816921299,"T":1702970647514,"m":false,"M":true}
{"e":"trade","E":1702970647522,"s":"BTCUSDT","t":3327793792,"p":"42992.44000000","q":"0.00047000","b":23816921448,"a":23816921299,"T":1702970647521,"m":false,"M":true}
{"e":"trade","E":1702970647575,"s":"BTCUSDT","t":3327793794,"p":"42992.44000000","q":"0.00202000","b":23816921470,"a":23816921299,"T":1702970647574,"m":false,"M":true}
{"e":"trade","E":1702970647599,"s":"BTCUSDT","t":3327793795,"p":"42992.44000000","q":"0.00202000","b":23816921476,"a":23816921299,"T":1702970647598,"m":false,"M":true}
{"e":"trade","E":1702970649623,"s":"BTCUSDT","t":3327793798,"p":"42992.44000000","q":"0.03110000","b":23816921622,"a":23816921299,"T":1702970649622,"m":false,"M":true}
{"e":"trade","E":1702970649751,"s":"BTCUSDT","t":3327793799,"p":"42992.44000000","q":"0.00034000","b":23816921630,"a":23816921538,"T":1702970649729,"m":false,"M":true}
{"e":"trade","E":1702970649751,"s":"BTCUSDT","t":3327793800,"p":"42992.44000000","q":"0.00036000","b":23816921630,"a":23816921552,"T":1702970649729,"m":false,"M":true}
{"e":"trade","E":1702970649751,"s":"BTCUSDT","t":3327793801,"p":"42992.44000000","q":"0.00451000","b":23816921630,"a":23816921583,"T":1702970649729,"m":false,"M":true}
{"e":"trade","E":1702970649751,"s":"BTCUSDT","t":3327793802,"p":"42992.47000000","q":"0.00210000","b":23816921630,"a":23816921522,"T":1702970649729,"m":false,"M":true}
{"e":"trade","E":1702970649751,"s":"BTCUSDT","t":3327793803,"p":"42992.62000000","q":"0.00062000","b":23816921630,"a":23816903751,"T":1702970649729,"m":false,"M":true}
{"e":"trade","E":1702970649751,"s":"BTCUSDT","t":3327793804,"p":"42992.88000000","q":"0.00062000","b":23816921630,"a":23816903769,"T":1702970649729,"m":false,"M":true}
{"e":"trade","E":1702970649751,"s":"BTCUSDT","t":3327793805,"p":"42992.95000000","q":"0.00020000","b":23816921630,"a":23816892137,"T":1702970649729,"m":false,"M":true}
{"e":"trade","E":1702970649796,"s":"BTCUSDT","t":3327793808,"p":"42993.27000000","q":"0.00043000","b":23816921686,"a":23816872081,"T":1702970649763,"m":false,"M":true}
{"e":"trade","E":1702970649796,"s":"BTCUSDT","t":3327793809,"p":"42993.92000000","q":"0.00069000","b":23816921686,"a":23816847682,"T":1702970649763,"m":false,"M":true}
{"e":"trade","E":1702970649805,"s":"BTCUSDT","t":3327793810,"p":"42994.65000000","q":"0.00302000","b":23816921695,"a":23816847609,"T":1702970649770,"m":false,"M":true}
{"e":"trade","E":1702970649805,"s":"BTCUSDT","t":3327793811,"p":"42994.65000000","q":"0.00027000","b":23816921695,"a":23816873441,"T":1702970649770,"m":false,"M":true}
{"e":"trade","E":1702970649823,"s":"BTCUSDT","t":3327793812,"p":"42995.69000000","q":"0.00077000","b":23816921733,"a":23816920311,"T":1702970649788,"m":false,"M":true}
{"e":"trade","E":1702970649932,"s":"BTCUSDT","t":3327793813,"p":"42996.00000000","q":"0.00240000","b":23816922023,"a":23816843579,"T":1702970649919,"m":false,"M":true}
{"e":"trade","E":1702970649932,"s":"BTCUSDT","t":3327793814,"p":"42996.99000000","q":"0.00172000","b":23816922023,"a":23816920310,"T":1702970649919,"m":false,"M":true}
{"e":"trade","E":1702970649932,"s":"BTCUSDT","t":3327793815,"p":"42997.00000000","q":"0.00024000","b":23816922023,"a":23816894777,"T":1702970649919,"m":false,"M":true}
{"e":"trade","E":1702970649932,"s":"BTCUSDT","t":3327793816,"p":"42997.09000000","q":"0.00020000","b":23816922023,"a":23816892670,"T":1702970649919,"m":false,"M":true}
{"e":"trade","E":1702970649932,"s":"BTCUSDT","t":3327793817,"p":"42997.28000000","q":"0.00818000","b":23816922023,"a":23816921832,"T":1702970649919,"m":false,"M":true}
{"e":"trade","E":1702970650090,"s":"BTCUSDT","t":3327793824,"p":"42997.41000000","q":"0.00069000","b":23816922323,"a":23816921904,"T":1702970650090,"m":false,"M":true}
{"e":"trade","E":1702970650532,"s":"BTCUSDT","t":3327793832,"p":"42997.41000000","q":"0.03025000","b":23816922431,"a":23816921904,"T":1702970650531,"m":false,"M":true}
{"e":"trade","E":1702970652406,"s":"BTCUSDT","t":3327793842,"p":"42997.41000000","q":"0.09097000","b":23816922729,"a":23816921904,"T":1702970652405,"m":false,"M":true}
{"e":"trade","E":1702970652406,"s":"BTCUSDT","t":3327793843,"p":"42997.41000000","q":"0.25789000","b":23816922729,"a":23816922211,"T":1702970652405,"m":false,"M":true}
{"e":"trade","E":1702970653351,"s":"BTCUSDT","t":3327793847,"p":"42997.41000000","q":"0.05000000","b":23816922894,"a":23816922211,"T":1702970653351,"m":false,"M":true}
{"e":"trade","E":1702970655465,"s":"BTCUSDT","t":3327793849,"p":"42997.41000000","q":"0.00129000","b":23816923011,"a":23816922211,"T":1702970655464,"m":false,"M":true}
{"e":"trade","E":1702970656178,"s":"BTCUSDT","t":3327793850,"p":"42997.41000000","q":"0.01628000","b":23816923036,"a":23816922211,"T":1702970656177,"m":false,"M":true}
{"e":"trade","E":1702970656904,"s":"BTCUSDT","t":3327793852,"p":"42997.41000000","q":"0.00083000","b":23816923062,"a":23816922211,"T":1702970656903,"m":false,"M":true}
{"e":"trade","E":1702970656913,"s":"BTCUSDT","t":3327793853,"p":"42997.41000000","q":"0.00083000","b":23816923063,"a":23816922211,"T":1702970656912,"m":false,"M":true}
{"e":"trade","E":1702970657694,"s":"BTCUSDT","t":3327793854,"p":"42997.41000000","q":"0.00099000","b":23816923087,"a":23816922211,"T":1702970657693,"m":false,"M":true}
{"e":"trade","E":1702970658059,"s":"BTCUSDT","t":3327793855,"p":"42997.41000000","q":"0.00281000","b":23816923097,"a":23816922211,"T":1702970658058,"m":false,"M":true}
{"e":"trade","E":1702970659678,"s":"BTCUSDT","t":3327793859,"p":"42997.41000000","q":"0.00227000","b":23816923185,"a":23816922211,"T":1702970659678,"m":false,"M":true}
{"e":"trade","E":1702970659939,"s":"BTCUSDT","t":3327793862,"p":"42997.41000000","q":"0.00583000","b":23816923218,"a":23816922211,"T":1702970659938,"m":false,"M":true}
{"e":"trade","E":1702970660217,"s":"BTCUSDT","t":3327793863,"p":"42997.41000000","q":"0.00146000","b":23816923227,"a":23816922211,"T":1702970660216,"m":false,"M":true}
{"e":"trade","E":1702970661489,"s":"BTCUSDT","t":3327793865,"p":"42997.41000000","q":"0.00136000","b":23816923287,"a":23816922211,"T":1702970661488,"m":false,"M":true}
{"e":"trade","E":1702970661656,"s":"BTCUSDT","t":3327793866,"p":"42997.41000000","q":"0.00032000","b":23816923292,"a":23816922211,"T":1702970661655,"m":false,"M":true}
{"e":"trade","E":1702970661754,"s":"BTCUSDT","t":3327793868,"p":"42997.41000000","q":"0.00907000","b":23816923295,"a":23816922211,"T":1702970661753,"m":false,"M":true}
{"e":"trade","E":1702970661906,"s":"BTCUSDT","t":3327793869,"p":"42997.41000000","q":"0.28391000","b":23816923302,"a":23816922211,"T":1702970661906,"m":false,"M":true}
{"e":"trade","E":1702970662859,"s":"BTCUSDT","t":3327793873,"p":"42997.41000000","q":"0.00256000","b":23816923600,"a":23816922709,"T":1702970662858,"m":false,"M":true}
{"e":"trade","E":1702970662859,"s":"BTCUSDT","t":3327793874,"p":"42997.41000000","q":"0.00094000","b":23816923600,"a":23816922764,"T":1702970662858,"m":false,"M":true}
{"e":"trade","E":1702970664032,"s":"BTCUSDT","t":3327793876,"p":"42997.41000000","q":"0.00018000","b":23816923696,"a":23816922764,"T":1702970664031,"m":false,"M":true}
{"e":"trade","E":1702970664247,"s":"BTCUSDT","t":3327793879,"p":"42997.41000000","q":"0.01616000","b":23816923731,"a":23816922764,"T":1702970664242,"m":false,"M":true}
{"e":"trade","E":1702970664247,"s":"BTCUSDT","t":3327793880,"p":"42997.41000000","q":"0.00015000","b":23816923731,"a":23816922968,"T":1702970664242,"m":false,"M":true}
{"e":"trade","E":1702970664247,"s":"BTCUSDT","t":3327793881,"p":"42997.41000000","q":"0.00034000","b":23816923731,"a":23816922997,"T":1702970664242,"m":false,"M":true}
{"e":"trade","E":1702970664247,"s":"BTCUSDT","t":3327793882,"p":"42997.41000000","q":"0.00100000","b":23816923731,"a":23816923060,"T":1702970664242,"m":false,"M":true}
{"e":"trade","E":1702970664247,"s":"BTCUSDT","t":3327793883,"p":"42997.41000000","q":"0.00034000","b":23816923731,"a":23816923088,"T":1702970664242,"m":false,"M":true}
{"e":"trade","E":1702970664247,"s":"BTCUSDT","t":3327793884,"p":"42997.41000000","q":"0.00640000","b":23816923731,"a":23816923578,"T":1702970664242,"m":false,"M":true}
{"e":"trade","E":1702970664247,"s":"BTCUSDT","t":3327793885,"p":"42997.41000000","q":"0.00034000","b":23816923731,"a":23816923591,"T":1702970664242,"m":false,"M":true}
{"e":"trade","E":1702970664247,"s":"BTCUSDT","t":3327793886,"p":"42997.41000000","q":"0.00128000","b":23816923731,"a":23816923601,"T":1702970664242,"m":false,"M":true}
{"e":"trade","E":1702970664247,"s":"BTCUSDT","t":3327793887,"p":"42997.41000000","q":"0.00340000","b":23816923731,"a":23816923622,"T":1702970664242,"m":false,"M":true}
{"e":"trade","E":1702970664247,"s":"BTCUSDT","t":3327793888,"p":"42997.41000000","q":"0.01859000","b":23816923731,"a":23816923684,"T":1702970664242,"m":false,"M":true}
{"e":"trade","E":1702970664247,"s":"BTCUSDT","t":3327793889,"p":"42997.41000000","q":"0.00034000","b":23816923731,"a":23816923687,"T":1702970664242,"m":false,"M":true}
{"e":"trade","E":1702970664247,"s":"BTCUSDT","t":3327793890,"p":"42997.41000000","q":"0.57258000","b":23816923731,"a":23816923714,"T":1702970664242,"m":false,"M":true}
{"e":"trade","E":1702970664253,"s":"BTCUSDT","t":3327793891,"p":"42997.42000000","q":"0.00210000","b":23816923742,"a":23816923698,"T":1702970664249,"m":false,"M":true}
{"e":"trade","E":1702970664253,"s":"BTCUSDT","t":3327793892,"p":"42997.56000000","q":"0.01116000","b":23816923742,"a":23816922383,"T":1702970664249,"m":false,"M":true}
{"e":"trade","E":1702970664264,"s":"BTCUSDT","t":3327793893,"p":"42997.82000000","q":"0.00062000","b":23816923792,"a":23816922391,"T":1702970664255,"m":false,"M":true}
{"e":"trade","E":1702970664264,"s":"BTCUSDT","t":3327793894,"p":"42998.08000000","q":"0.00062000","b":23816923792,"a":23816922407,"T":1702970664255,"m":false,"M":true}
{"e":"trade","E":1702970664264,"s":"BTCUSDT","t":3327793895,"p":"42998.34000000","q":"0.00062000","b":23816923792,"a":23816922417,"T":1702970664255,"m":false,"M":true}
{"e":"trade","E":1702970664314,"s":"BTCUSDT","t":3327793896,"p":"42998.60000000","q":"0.00062000","b":23816923885,"a":23816922437,"T":1702970664291,"m":false,"M":true}
{"e":"trade","E":1702970664316,"s":"BTCUSDT","t":3327793897,"p":"42998.86000000","q":"0.00062000","b":23816923892,"a":23816922449,"T":1702970664293,"m":false,"M":true}
{"e":"trade","E":1702970664316,"s":"BTCUSDT","t":3327793898,"p":"42999.12000000","q":"0.05000000","b":23816923892,"a":23816918745,"T":1702970664293,"m":false,"M":true}
{"e":"trade","E":1702970664316,"s":"BTCUSDT","t":3327793899,"p":"42999.12000000","q":"0.00062000","b":23816923892,"a":23816922476,"T":1702970664293,"m":false,"M":true}
{"e":"trade","E":1702970664316,"s":"BTCUSDT","t":3327793900,"p":"42999.38000000","q":"0.00062000","b":23816923892,"a":23816922490,"T":1702970664293,"m":false,"M":true}
{"e":"trade","E":1702970664371,"s":"BTCUSDT","t":3327793901,"p":"42999.64000000","q":"0.00062000","b":23816924060,"a":23816922498,"T":1702970664330,"m":false,"M":true}
{"e":"trade","E":1702970664371,"s":"BTCUSDT","t":3327793902,"p":"42999.90000000","q":"0.00400000","b":23816924060,"a":23816905739,"T":1702970664330,"m":false,"M":true}
{"e":"trade","E":1702970664371,"s":"BTCUSDT","t":3327793903,"p":"42999.90000000","q":"0.00062000","b":23816924060,"a":23816922508,"T":1702970664330,"m":false,"M":true}
{"e":"trade","E":1702970664371,"s":"BTCUSDT","t":3327793904,"p":"42999.99000000","q":"0.00466000","b":23816924060,"a":23816897459,"T":1702970664330,"m":false,"M":true}
{"e":"trade","E":1702970664371,"s":"BTCUSDT","t":3327793905,"p":"43000.00000000","q":"0.07252000","b":23816924060,"a":23816843700,"T":1702970664330,"m":false,"M":true}
{"e":"trade","E":1702970664371,"s":"BTCUSDT","t":3327793906,"p":"43000.00000000","q":"0.01200000","b":23816924060,"a":23816844064,"T":1702970664330,"m":false,"M":true}
{"e":"trade","E":1702970664371,"s":"BTCUSDT","t":3327793907,"p":"43000.00000000","q":"0.00116000","b":23816924060,"a":23816844645,"T":1702970664330,"m":false,"M":true}
{"e":"trade","E":1702970664371,"s":"BTCUSDT","t":3327793908,"p":"43000.00000000","q":"0.00999000","b":23816924060,"a":23816806062,"T":1702970664330,"m":false,"M":true}
{"e":"trade","E":1702970664371,"s":"BTCUSDT","t":3327793909,"p":"43000.00000000","q":"0.00299000","b":23816924060,"a":23816851136,"T":1702970664330,"m":false,"M":true}
{"e":"trade","E":1702970664371,"s":"BTCUSDT","t":3327793910,"p":"43000.00000000","q":"0.04650000","b":23816924060,"a":23816853594,"T":1702970664330,"m":false,"M":true}
{"e":"trade","E":1702970664371,"s":"BTCUSDT","t":3327793911,"p":"43000.00000000","q":"0.00043000","b":23816924060,"a":23816854138,"T":1702970664330,"m":false,"M":true}
{"e":"trade","E":1702970664371,"s":"BTCUSDT","t":3327793912,"p":"43000.00000000","q":"0.00234000","b":23816924060,"a":23816855952,"T":1702970664330,"m":false,"M":true}
{"e":"trade","E":1702970664371,"s":"BTCUSDT","t":3327793913,"p":"43000.00000000","q":"0.00100000","b":23816924060,"a":23816860978,"T":1702970664330,"m":false,"M":true}
{"e":"trade","E":1702970664371,"s":"BTCUSDT","t":3327793914,"p":"43000.00000000","q":"0.01162000","b":23816924060,"a":23816871875,"T":1702970664330,"m":false,"M":true}
{"e":"trade","E":1702970664371,"s":"BTCUSDT","t":3327793915,"p":"43000.00000000","q":"0.00775000","b":23816924060,"a":23816873606,"T":1702970664330,"m":false,"M":true}
{"e":"trade","E":1702970664371,"s":"BTCUSDT","t":3327793916,"p":"43000.00000000","q":"0.00113000","b":23816924060,"a":23816879853,"T":1702970664330,"m":false,"M":true}
{"e":"trade","E":1702970664371,"s":"BTCUSDT","t":3327793917,"p":"43000.00000000","q":"0.00185000","b":23816924060,"a":23816915048,"T":1702970664330,"m":false,"M":true}
{"e":"trade","E":1702970664371,"s":"BTCUSDT","t":3327793918,"p":"43000.00000000","q":"0.00100000","b":23816924060,"a":23816918435,"T":1702970664330,"m":false,"M":true}
{"e":"trade","E":1702970664371,"s":"BTCUSDT","t":3327793919,"p":"43000.00000000","q":"0.00352000","b":23816924060,"a":23816918670,"T":1702970664330,"m":false,"M":true}
{"e":"trade","E":1702970664371,"s":"BTCUSDT","t":3327793920,"p":"43000.02000000","q":"0.00020000","b":23816924060,"a":23816922341,"T":1702970664330,"m":false,"M":true}
{"e":"trade","E":1702970664437,"s":"BTCUSDT","t":3327793922,"p":"43000.16000000","q":"0.00062000","b":23816924225,"a":23816922525,"T":1702970664383,"m":false,"M":true}
{"e":"trade","E":1702970664496,"s":"BTCUSDT","t":3327793925,"p":"43000.42000000","q":"0.00062000","b":23816924347,"a":23816922427,"T":1702970664453,"m":false,"M":true}
{"e":"trade","E":1702970664496,"s":"BTCUSDT","t":3327793926,"p":"43000.43000000","q":"0.00012000","b":23816924347,"a":23816924324,"T":1702970664453,"m":false,"M":true}
{"e":"trade","E":1702970664496,"s":"BTCUSDT","t":3327793927,"p":"43000.68000000","q":"0.00062000","b":23816924347,"a":23816922447,"T":1702970664453,"m":false,"M":true}
{"e":"trade","E":1702970664496,"s":"BTCUSDT","t":3327793928,"p":"43000.94000000","q":"0.00062000","b":23816924347,"a":23816922454,"T":1702970664453,"m":false,"M":true}
{"e":"trade","E":1702970664627,"s":"BTCUSDT","t":3327793931,"p":"43001.10000000","q":"0.00306000","b":23816924591,"a":23816840790,"T":1702970664626,"m":false,"M":true}
{"e":"trade","E":1702970664740,"s":"BTCUSDT","t":3327793933,"p":"43001.10000000","q":"0.00392000","b":23816924640,"a":23816840790,"T":1702970664738,"m":false,"M":true}
{"e":"trade","E":1702970664740,"s":"BTCUSDT","t":3327793934,"p":"43001.10000000","q":"0.01600000","b":23816924640,"a":23816840791,"T":1702970664738,"m":false,"M":true}
{"e":"trade","E":1702970664829,"s":"BTCUSDT","t":3327793935,"p":"43001.10000000","q":"0.02515000","b":23816924649,"a":23816840791,"T":1702970664828,"m":false,"M":true}
{"e":"trade","E":1702970665920,"s":"BTCUSDT","t":3327793940,"p":"43001.10000000","q":"0.00140000","b":23816924752,"a":23816840791,"T":1702970665920,"m":false,"M":true}
{"e":"trade","E":1702970666070,"s":"BTCUSDT","t":3327793942,"p":"43001.10000000","q":"0.02722000","b":23816924766,"a":23816840791,"T":1702970666065,"m":false,"M":true}
{"e":"trade","E":1702970666070,"s":"BTCUSDT","t":3327793943,"p":"43001.10000000","q":"0.00830000","b":23816924766,"a":23816924660,"T":1702970666065,"m":false,"M":true}
{"e":"trade","E":1702970666070,"s":"BTCUSDT","t":3327793944,"p":"43001.10000000","q":"0.00047000","b":23816924766,"a":23816924754,"T":1702970666065,"m":false,"M":true}
{"e":"trade","E":1702970666070,"s":"BTCUSDT","t":3327793945,"p":"43001.11000000","q":"0.00500000","b":23816924766,"a":23816838984,"T":1702970666065,"m":false,"M":true}
{"e":"trade","E":1702970666070,"s":"BTCUSDT","t":3327793946,"p":"43001.20000000","q":"0.00062000","b":23816924766,"a":23816922466,"T":1702970666065,"m":false,"M":true}
{"e":"trade","E":1702970666070,"s":"BTCUSDT","t":3327793947,"p":"43001.46000000","q":"0.00062000","b":23816924766,"a":23816922488,"T":1702970666065,"m":false,"M":true}
{"e":"trade","E":1702970666078,"s":"BTCUSDT","t":3327793948,"p":"43001.72000000","q":"0.00062000","b":23816924768,"a":23816922496,"T":1702970666067,"m":false,"M":true}
{"e":"trade","E":1702970666078,"s":"BTCUSDT","t":3327793949,"p":"43001.80000000","q":"0.00418000","b":23816924768,"a":23816923049,"T":1702970666067,"m":false,"M":true}
{"e":"trade","E":1702970666078,"s":"BTCUSDT","t":3327793950,"p":"43001.98000000","q":"0.00062000","b":23816924768,"a":23816922507,"T":1702970666067,"m":false,"M":true}
{"e":"trade","E":1702970666078,"s":"BTCUSDT","t":3327793951,"p":"43002.24000000","q":"0.00062000","b":23816924768,"a":23816922523,"T":1702970666067,"m":false,"M":true}
{"e":"trade","E":1702970666078,"s":"BTCUSDT","t":3327793952,"p":"43002.50000000","q":"0.00062000","b":23816924768,"a":23816922547,"T":1702970666067,"m":false,"M":true}
{"e":"trade","E":1702970666078,"s":"BTCUSDT","t":3327793953,"p":"43002.56000000","q":"0.00020000","b":23816924768,"a":23816893440,"T":1702970666067,"m":false,"M":true}
{"e":"trade","E":1702970666078,"s":"BTCUSDT","t":3327793954,"p":"43002.76000000","q":"0.00062000","b":23816924768,"a":23816922554,"T":1702970666067,"m":false,"M":true}
{"e":"trade","E":1702970666078,"s":"BTCUSDT","t":3327793955,"p":"43002.91000000","q":"0.00094000","b":23816924768,"a":23816919020,"T":1702970666067,"m":false,"M":true}
{"e":"trade","E":1702970666078,"s":"BTCUSDT","t":3327793956,"p":"43003.02000000","q":"0.00062000","b":23816924768,"a":23816922524,"T":1702970666067,"m":false,"M":true}
{"e":"trade","E":1702970666078,"s":"BTCUSDT","t":3327793957,"p":"43003.13000000","q":"0.00013000","b":23816924768,"a":23816854568,"T":1702970666067,"m":false,"M":true}
{"e":"trade","E":1702970666078,"s":"BTCUSDT","t":3327793958,"p":"43003.28000000","q":"0.00062000","b":23816924768,"a":23816922549,"T":1702970666067,"m":false,"M":true}
{"e":"trade","E":1702970666078,"s":"BTCUSDT","t":3327793959,"p":"43003.54000000","q":"0.00062000","b":23816924768,"a":23816922557,"T":1702970666067,"m":false,"M":true}
{"e":"trade","E":1702970666078,"s":"BTCUSDT","t":3327793960,"p":"43003.80000000","q":"0.00062000","b":23816924768,"a":23816922570,"T":1702970666067,"m":false,"M":true}
{"e":"trade","E":1702970666078,"s":"BTCUSDT","t":3327793961,"p":"43004.06000000","q":"0.00062000","b":23816924768,"a":23816922578,"T":1702970666067,"m":false,"M":true}
{"e":"trade","E":1702970666078,"s":"BTCUSDT","t":3327793962,"p":"43004.32000000","q":"0.00062000","b":23816924768,"a":23816922606,"T":1702970666067,"m":false,"M":true}
{"e":"trade","E":1702970666078,"s":"BTCUSDT","t":3327793963,"p":"43004.58000000","q":"0.00062000","b":23816924768,"a":23816922612,"T":1702970666067,"m":false,"M":true}
{"e":"trade","E":1702970666078,"s":"BTCUSDT","t":3327793964,"p":"43004.78000000","q":"0.23261000","b":23816924768,"a":23816924735,"T":1702970666067,"m":false,"M":true}
{"e":"trade","E":1702970666078,"s":"BTCUSDT","t":3327793965,"p":"43004.78000000","q":"0.23261000","b":23816924768,"a":23816924739,"T":1702970666067,"m":false,"M":true}
{"e":"trade","E":1702970666078,"s":"BTCUSDT","t":3327793966,"p":"43004.84000000","q":"0.00062000","b":23816924768,"a":23816922622,"T":1702970666067,"m":false,"M":true}
{"e":"trade","E":1702970666079,"s":"BTCUSDT","t":3327793967,"p":"43005.10000000","q":"0.00062000","b":23816924769,"a":23816922643,"T":1702970666068,"m":false,"M":true}
{"e":"trade","E":1702970666079,"s":"BTCUSDT","t":3327793968,"p":"43005.31000000","q":"0.00500000","b":23816924769,"a":23816920304,"T":1702970666068,"m":false,"M":true}
{"e":"trade","E":1702970666079,"s":"BTCUSDT","t":3327793969,"p":"43005.34000000","q":"0.00071000","b":23816924769,"a":23816901299,"T":1702970666068,"m":false,"M":true}
{"e":"trade","E":1702970666079,"s":"BTCUSDT","t":3327793970,"p":"43005.36000000","q":"0.00062000","b":23816924769,"a":23816922659,"T":1702970666068,"m":false,"M":true}
{"e":"trade","E":1702970666080,"s":"BTCUSDT","t":3327793971,"p":"43005.62000000","q":"0.00062000","b":23816924770,"a":23816922556,"T":1702970666068,"m":false,"M":true}
{"e":"trade","E":1702970666080,"s":"BTCUSDT","t":3327793972,"p":"43005.88000000","q":"0.00062000","b":23816924770,"a":23816922567,"T":1702970666068,"m":false,"M":true}
{"e":"trade","E":1702970666081,"s":"BTCUSDT","t":3327793973,"p":"43006.14000000","q":"0.00062000","b":23816924771,"a":23816922579,"T":1702970666069,"m":false,"M":true}
{"e":"trade","E":1702970666081,"s":"BTCUSDT","t":3327793974,"p":"43006.32000000","q":"0.00012000","b":23816924771,"a":23816837802,"T":1702970666069,"m":false,"M":true}
{"e":"trade","E":1702970666081,"s":"BTCUSDT","t":3327793975,"p":"43006.40000000","q":"0.00062000","b":23816924771,"a":23816922598,"T":1702970666069,"m":false,"M":true}
{"e":"trade","E":1702970666081,"s":"BTCUSDT","t":3327793976,"p":"43006.41000000","q":"0.00666000","b":23816924771,"a":23816838820,"T":1702970666069,"m":false,"M":true}
{"e":"trade","E":1702970666081,"s":"BTCUSDT","t":3327793977,"p":"43006.41000000","q":"0.06567000","b":23816924771,"a":23816924070,"T":1702970666069,"m":false,"M":true}
{"e":"trade","E":1702970666081,"s":"BTCUSDT","t":3327793978,"p":"43006.66000000","q":"0.00062000","b":23816924771,"a":23816922613,"T":1702970666069,"m":false,"M":true}
{"e":"trade","E":1702970666233,"s":"BTCUSDT","t":3327793979,"p":"43006.92000000","q":"0.00062000","b":23816924985,"a":23816922628,"T":1702970666140,"m":false,"M":true}
{"e":"trade","E":1702970666233,"s":"BTCUSDT","t":3327793980,"p":"43007.02000000","q":"0.00048000","b":23816924985,"a":23816923481,"T":1702970666140,"m":false,"M":true}
{"e":"trade","E":1702970666233,"s":"BTCUSDT","t":3327793981,"p":"43007.15000000","q":"0.02764000","b":23816924985,"a":23816924667,"T":1702970666140,"m":false,"M":true}
{"e":"trade","E":1702970666233,"s":"BTCUSDT","t":3327793982,"p":"43007.17000000","q":"0.04123000","b":23816924985,"a":23816924535,"T":1702970666140,"m":false,"M":true}
{"e":"trade","E":1702970666549,"s":"BTCUSDT","t":3327793990,"p":"43007.17000000","q":"0.02120000","b":23816925308,"a":23816925122,"T":1702970666510,"m":false,"M":true}
{"e":"trade","E":1702970666809,"s":"BTCUSDT","t":3327793991,"p":"43007.47000000","q":"0.00028000","b":23816925450,"a":23816925303,"T":1702970666808,"m":false,"M":true}
{"e":"trade","E":1702970667173,"s":"BTCUSDT","t":3327793997,"p":"43007.47000000","q":"0.00144000","b":23816925585,"a":23816925303,"T":1702970667173,"m":false,"M":true}
{"e":"trade","E":1702970667433,"s":"BTCUSDT","t":3327793999,"p":"43007.47000000","q":"0.00079000","b":23816925655,"a":23816925303,"T":1702970667432,"m":false,"M":true}
{"e":"trade","E":1702970668433,"s":"BTCUSDT","t":3327794004,"p":"43007.47000000","q":"0.00249000","b":23816925750,"a":23816925303,"T":1702970668432,"m":false,"M":true}
{"e":"trade","E":1702970668833,"s":"BTCUSDT","t":3327794005,"p":"43007.47000000","q":"0.00905000","b":23816925813,"a":23816925303,"T":1702970668833,"m":false,"M":true}
{"e":"trade","E":1702970668833,"s":"BTCUSDT","t":3327794006,"p":"43007.47000000","q":"0.09095000","b":23816925813,"a":23816925465,"T":1702970668833,"m":false,"M":true}
{"e":"trade","E":1702970671237,"s":"BTCUSDT","t":3327794012,"p":"43007.47000000","q":"0.00035000","b":23816926164,"a":23816925465,"T":1702970671236,"m":false,"M":true}
{"e":"trade","E":1702970671908,"s":"BTCUSDT","t":3327794016,"p":"43007.47000000","q":"0.01511000","b":23816926223,"a":23816925465,"T":1702970671907,"m":false,"M":true}
{"e":"trade","E":1702970671908,"s":"BTCUSDT","t":3327794017,"p":"43007.47000000","q":"0.38211000","b":23816926223,"a":23816925672,"T":1702970671907,"m":false,"M":true}
{"e":"trade","E":1702970673556,"s":"BTCUSDT","t":3327794021,"p":"43007.47000000","q":"0.00019000","b":23816926348,"a":23816925672,"T":1702970673556,"m":false,"M":true}
{"e":"trade","E":1702970674584,"s":"BTCUSDT","t":3327794024,"p":"43007.47000000","q":"0.00029000","b":23816926413,"a":23816925672,"T":1702970674583,"m":false,"M":true}
{"e":"trade","E":1702970675032,"s":"BTCUSDT","t":3327794027,"p":"43007.47000000","q":"0.00030000","b":23816926525,"a":23816925672,"T":1702970675031,"m":false,"M":true}
{"e":"trade","E":1702970675093,"s":"BTCUSDT","t":3327794028,"p":"43007.47000000","q":"0.00186000","b":23816926532,"a":23816925672,"T":1702970675091,"m":false,"M":true}
{"e":"trade","E":1702970675095,"s":"BTCUSDT","t":3327794029,"p":"43007.47000000","q":"0.00046000","b":23816926533,"a":23816925672,"T":1702970675094,"m":false,"M":true}
{"e":"trade","E":1702970675711,"s":"BTCUSDT","t":3327794031,"p":"43007.47000000","q":"0.11625000","b":23816926598,"a":23816925672,"T":1702970675710,"m":false,"M":true}
{"e":"trade","E":1702970675828,"s":"BTCUSDT","t":3327794033,"p":"43007.47000000","q":"0.00013000","b":23816926605,"a":23816925745,"T":1702970675828,"m":false,"M":true}
{"e":"trade","E":1702970675828,"s":"BTCUSDT","t":3327794034,"p":"43007.47000000","q":"0.00869000","b":23816926605,"a":23816925822,"T":1702970675828,"m":false,"M":true}
{"e":"trade","E":1702970676171,"s":"BTCUSDT","t":3327794035,"p":"43007.47000000","q":"0.00075000","b":23816926638,"a":23816925822,"T":1702970676170,"m":false,"M":true}
{"e":"trade","E":1702970676422,"s":"BTCUSDT","t":3327794036,"p":"43007.47000000","q":"0.00017000","b":23816926651,"a":23816925822,"T":1702970676422,"m":false,"M":true}
{"e":"trade","E":1702970676656,"s":"BTCUSDT","t":3327794039,"p":"43007.47000000","q":"0.00303000","b":23816926672,"a":23816925893,"T":1702970676654,"m":false,"M":true}
{"e":"trade","E":1702970676656,"s":"BTCUSDT","t":3327794040,"p":"43007.47000000","q":"0.62891000","b":23816926672,"a":23816926028,"T":1702970676654,"m":false,"M":true}
{"e":"trade","E":1702970676656,"s":"BTCUSDT","t":3327794041,"p":"43007.47000000","q":"0.00034000","b":23816926672,"a":23816926190,"T":1702970676654,"m":false,"M":true}
{"e":"trade","E":1702970676656,"s":"BTCUSDT","t":3327794042,"p":"43007.47000000","q":"0.02562000","b":23816926672,"a":23816926226,"T":1702970676654,"m":false,"M":true}
{"e":"trade","E":1702970676656,"s":"BTCUSDT","t":3327794043,"p":"43007.47000000","q":"0.00034000","b":23816926672,"a":23816926256,"T":1702970676654,"m":false,"M":true}
{"e":"trade","E":1702970676656,"s":"BTCUSDT","t":3327794044,"p":"43007.47000000","q":"0.60000000","b":23816926672,"a":23816926451,"T":1702970676654,"m":false,"M":true}
{"e":"trade","E":1702970676656,"s":"BTCUSDT","t":3327794045,"p":"43007.47000000","q":"0.11664000","b":23816926672,"a":23816926477,"T":1702970676654,"m":false,"M":true}
{"e":"trade","E":1702970676656,"s":"BTCUSDT","t":3327794046,"p":"43007.47000000","q":"0.01305000","b":23816926672,"a":23816926578,"T":1702970676654,"m":false,"M":true}
{"e":"trade","E":1702970676656,"s":"BTCUSDT","t":3327794047,"p":"43007.47000000","q":"0.34712000","b":23816926672,"a":23816926600,"T":1702970676654,"m":false,"M":true}
{"e":"trade","E":1702970676656,"s":"BTCUSDT","t":3327794048,"p":"43007.47000000","q":"0.02660000","b":23816926672,"a":23816926653,"T":1702970676654,"m":false,"M":true}
{"e":"trade","E":1702970676656,"s":"BTCUSDT","t":3327794049,"p":"43007.47000000","q":"0.20000000","b":23816926672,"a":23816926664,"T":1702970676654,"m":false,"M":true}
{"e":"trade","E":1702970676656,"s":"BTCUSDT","t":3327794050,"p":"43007.47000000","q":"0.20000000","b":23816926672,"a":23816926666,"T":1702970676654,"m":false,"M":true}
{"e":"trade","E":1702970676656,"s":"BTCUSDT","t":3327794051,"p":"43007.47000000","q":"0.00266000","b":23816926672,"a":23816926667,"T":1702970676654,"m":false,"M":true}
{"e":"trade","E":1702970676656,"s":"BTCUSDT","t":3327794052,"p":"43007.50000000","q":"0.00210000","b":23816926672,"a":23816925564,"T":1702970676654,"m":false,"M":true}
{"e":"trade","E":1702970676656,"s":"BTCUSDT","t":3327794053,"p":"43007.67000000","q":"0.10917000","b":23816926672,"a":23816926662,"T":1702970676654,"m":false,"M":true}
{"e":"trade","E":1702970676656,"s":"BTCUSDT","t":3327794054,"p":"43007.70000000","q":"0.00186000","b":23816926672,"a":23816925897,"T":1702970676654,"m":false,"M":true}
{"e":"trade","E":1702970676656,"s":"BTCUSDT","t":3327794055,"p":"43007.96000000","q":"0.00062000","b":23816926672,"a":23816925915,"T":1702970676654,"m":false,"M":true}
{"e":"trade","E":1702970676656,"s":"BTCUSDT","t":3327794056,"p":"43007.97000000","q":"0.03078000","b":23816926672,"a":23816926591,"T":1702970676654,"m":false,"M":true}
{"e":"trade","E":1702970676656,"s":"BTCUSDT","t":3327794057,"p":"43007.98000000","q":"0.05000000","b":23816926672,"a":23816924692,"T":1702970676654,"m":false,"M":true}
{"e":"trade","E":1702970676656,"s":"BTCUSDT","t":3327794058,"p":"43008.22000000","q":"0.00062000","b":23816926672,"a":23816925931,"T":1702970676654,"m":false,"M":true}
{"e":"trade","E":1702970676656,"s":"BTCUSDT","t":3327794059,"p":"43008.48000000","q":"0.00062000","b":23816926672,"a":23816925939,"T":1702970676654,"m":false,"M":true}
{"e":"trade","E":1702970676661,"s":"BTCUSDT","t":3327794060,"p":"43008.74000000","q":"0.00062000","b":23816926712,"a":23816925950,"T":1702970676658,"m":false,"M":true}
{"e":"trade","E":1702970676661,"s":"BTCUSDT","t":3327794061,"p":"43008.83000000","q":"0.00108000","b":23816926712,"a":23816926708,"T":1702970676658,"m":false,"M":true}
{"e":"trade","E":1702970677784,"s":"BTCUSDT","t":3327794063,"p":"43008.74000000","q":"0.00130000","b":23816926899,"a":23816926722,"T":1702970677783,"m":false,"M":true}
{"e":"trade","E":1702970678108,"s":"BTCUSDT","t":3327794066,"p":"43008.74000000","q":"0.01006000","b":23816926917,"a":23816926722,"T":1702970678107,"m":false,"M":true}
{"e":"trade","E":1702970678251,"s":"BTCUSDT","t":3327794067,"p":"43008.74000000","q":"0.00024000","b":23816926928,"a":23816926722,"T":1702970678250,"m":false,"M":true}
{"e":"trade","E":1702970678519,"s":"BTCUSDT","t":3327794068,"p":"43008.74000000","q":"0.01601000","b":23816926955,"a":23816926722,"T":1702970678518,"m":false,"M":true}
{"e":"trade","E":1702970679047,"s":"BTCUSDT","t":3327794071,"p":"43008.74000000","q":"0.00108000","b":23816926982,"a":23816926722,"T":1702970679046,"m":false,"M":true}
{"e":"trade","E":1702970679384,"s":"BTCUSDT","t":3327794073,"p":"43008.74000000","q":"0.17813000","b":23816926996,"a":23816926722,"T":1702970679383,"m":false,"M":true}
{"e":"trade","E":1702970679593,"s":"BTCUSDT","t":3327794074,"p":"43008.74000000","q":"0.00033000","b":23816927007,"a":23816926722,"T":1702970679593,"m":false,"M":true}
{"e":"trade","E":1702970679616,"s":"BTCUSDT","t":3327794075,"p":"43008.74000000","q":"0.00234000","b":23816927008,"a":23816926722,"T":1702970679616,"m":false,"M":true}
{"e":"trade","E":1702970680869,"s":"BTCUSDT","t":3327794079,"p":"43008.74000000","q":"0.00234000","b":23816927051,"a":23816926722,"T":1702970680868,"m":false,"M":true}
{"e":"trade","E":1702970681032,"s":"BTCUSDT","t":3327794080,"p":"43008.74000000","q":"0.00019000","b":23816927064,"a":23816926722,"T":1702970681031,"m":false,"M":true}
{"e":"trade","E":1702970681175,"s":"BTCUSDT","t":3327794082,"p":"43008.74000000","q":"0.00018000","b":23816927071,"a":23816926722,"T":1702970681174,"m":false,"M":true}
{"e":"trade","E":1702970681200,"s":"BTCUSDT","t":3327794083,"p":"43008.74000000","q":"0.00018000","b":23816927072,"a":23816926722,"T":1702970681199,"m":false,"M":true}
{"e":"trade","E":1702970681343,"s":"BTCUSDT","t":3327794084,"p":"43008.74000000","q":"0.00017000","b":23816927076,"a":23816926722,"T":1702970681343,"m":false,"M":true}
{"e":"trade","E":1702970681367,"s":"BTCUSDT","t":3327794085,"p":"43008.74000000","q":"0.00019000","b":23816927078,"a":23816926722,"T":1702970681366,"m":false,"M":true}
{"e":"trade","E":1702970681465,"s":"BTCUSDT","t":3327794086,"p":"43008.74000000","q":"0.00018000","b":23816927083,"a":23816926722,"T":1702970681464,"m":false,"M":true}
{"e":"trade","E":1702970681518,"s":"BTCUSDT","t":3327794087,"p":"43008.74000000","q":"0.01743000","b":23816927088,"a":23816926722,"T":1702970681517,"m":false,"M":true}
{"e":"trade","E":1702970681908,"s":"BTCUSDT","t":3327794090,"p":"43008.74000000","q":"0.35015000","b":23816927110,"a":23816926722,"T":1702970681907,"m":false,"M":true}
{"e":"trade","E":1702970682479,"s":"BTCUSDT","t":3327794093,"p":"43008.74000000","q":"0.00101000","b":23816927146,"a":23816926722,"T":1702970682478,"m":false,"M":true}
{"e":"trade","E":1702970684954,"s":"BTCUSDT","t":3327794102,"p":"43008.74000000","q":"0.00141000","b":23816927476,"a":23816926722,"T":1702970684951,"m":false,"M":true}
{"e":"trade","E":1702970685103,"s":"BTCUSDT","t":3327794103,"p":"43008.74000000","q":"0.00087000","b":23816927482,"a":23816926722,"T":1702970685102,"m":false,"M":true}
{"e":"trade","E":1702970685471,"s":"BTCUSDT","t":3327794104,"p":"43008.74000000","q":"0.00487000","b":23816927506,"a":23816926722,"T":1702970685470,"m":false,"M":true}
{"e":"trade","E":1702970686257,"s":"BTCUSDT","t":3327794108,"p":"43008.74000000","q":"0.00069000","b":23816927547,"a":23816926722,"T":1702970686256,"m":false,"M":true}
{"e":"trade","E":1702970686645,"s":"BTCUSDT","t":3327794110,"p":"43008.74000000","q":"0.00108000","b":23816927571,"a":23816926722,"T":1702970686644,"m":false,"M":true}
{"e":"trade","E":1702970686693,"s":"BTCUSDT","t":3327794111,"p":"43008.74000000","q":"0.00088000","b":23816927573,"a":23816926722,"T":1702970686692,"m":false,"M":true}
{"e":"trade","E":1702970687029,"s":"BTCUSDT","t":3327794112,"p":"43008.74000000","q":"0.00470000","b":23816927591,"a":23816926722,"T":1702970687029,"m":false,"M":true}
{"e":"trade","E":1702970687256,"s":"BTCUSDT","t":3327794113,"p":"43008.74000000","q":"0.00232000","b":23816927602,"a":23816926722,"T":1702970687255,"m":false,"M":true}
{"e":"trade","E":1702970687690,"s":"BTCUSDT","t":3327794115,"p":"43008.74000000","q":"0.00105000","b":23816927628,"a":23816926722,"T":1702970687689,"m":false,"M":true}
{"e":"trade","E":1702970688127,"s":"BTCUSDT","t":3327794116,"p":"43008.74000000","q":"0.02532000","b":23816927645,"a":23816926722,"T":1702970688126,"m":false,"M":true}
{"e":"trade","E":1702970688654,"s":"BTCUSDT","t":3327794118,"p":"43008.74000000","q":"0.00191000","b":23816927716,"a":23816926722,"T":1702970688653,"m":false,"M":true}
{"e":"trade","E":1702970689827,"s":"BTCUSDT","t":3327794367,"p":"43008.49000000","q":"0.00034000","b":23816928275,"a":23816926750,"T":1702970689826,"m":false,"M":true}
{"e":"trade","E":1702970690336,"s":"BTCUSDT","t":3327794381,"p":"43008.49000000","q":"0.00471000","b":23816928317,"a":23816926750,"T":1702970690335,"m":false,"M":true}
{"e":"trade","E":1702970691034,"s":"BTCUSDT","t":3327794517,"p":"43002.59000000","q":"0.00024000","b":23816929088,"a":23816928797,"T":1702970691033,"m":false,"M":true}
{"e":"trade","E":1702970691546,"s":"BTCUSDT","t":3327794520,"p":"43002.59000000","q":"0.03525000","b":23816929149,"a":23816928797,"T":1702970691546,"m":false,"M":true}
{"e":"trade","E":1702970691555,"s":"BTCUSDT","t":3327794521,"p":"43002.59000000","q":"0.00256000","b":23816929151,"a":23816928797,"T":1702970691553,"m":false,"M":true}
{"e":"trade","E":1702970691907,"s":"BTCUSDT","t":3327794523,"p":"43002.59000000","q":"0.40626000","b":23816929174,"a":23816928797,"T":1702970691906,"m":false,"M":true}
{"e":"trade","E":1702970692286,"s":"BTCUSDT","t":3327794524,"p":"43002.59000000","q":"0.00012000","b":23816929217,"a":23816928797,"T":1702970692286,"m":false,"M":true}
{"e":"trade","E":1702970692474,"s":"BTCUSDT","t":3327794526,"p":"43002.59000000","q":"0.12883000","b":23816929232,"a":23816928797,"T":1702970692474,"m":false,"M":true}
{"e":"trade","E":1702970692733,"s":"BTCUSDT","t":3327794527,"p":"43002.59000000","q":"0.00026000","b":23816929250,"a":23816928797,"T":1702970692732,"m":false,"M":true}
{"e":"trade","E":1702970692868,"s":"BTCUSDT","t":3327794528,"p":"43002.59000000","q":"0.04650000","b":23816929262,"a":23816928797,"T":1702970692867,"m":false,"M":true}
{"e":"trade","E":1702970694440,"s":"BTCUSDT","t":3327794535,"p":"43002.59000000","q":"0.00069000","b":23816929318,"a":23816928797,"T":1702970694440,"m":false,"M":true}
{"e":"trade","E":1702970694548,"s":"BTCUSDT","t":3327794537,"p":"43002.59000000","q":"0.01415000","b":23816929331,"a":23816928797,"T":1702970694547,"m":false,"M":true}
{"e":"trade","E":1702970694812,"s":"BTCUSDT","t":3327794538,"p":"43002.59000000","q":"0.01451000","b":23816929347,"a":23816928797,"T":1702970694811,"m":false,"M":true}
{"e":"trade","E":1702970695129,"s":"BTCUSDT","t":3327794690,"p":"42994.29000000","q":"0.00043000","b":23816930170,"a":23816929943,"T":1702970695062,"m":false,"M":true}
{"e":"trade","E":1702970695170,"s":"BTCUSDT","t":3327794691,"p":"42994.29000000","q":"0.00056000","b":23816930233,"a":23816929943,"T":1702970695125,"m":false,"M":true}
{"e":"trade","E":1702970695213,"s":"BTCUSDT","t":3327794692,"p":"42994.29000000","q":"0.00056000","b":23816930295,"a":23816929943,"T":1702970695186,"m":false,"M":true}
{"e":"trade","E":1702970695359,"s":"BTCUSDT","t":3327794713,"p":"42994.29000000","q":"0.00061000","b":23816930380,"a":23816929943,"T":1702970695354,"m":false,"M":true}
{"e":"trade","E":1702970697633,"s":"BTCUSDT","t":3327794728,"p":"42994.29000000","q":"0.01102000","b":23816930719,"a":23816929943,"T":1702970697632,"m":false,"M":true}
{"e":"trade","E":1702970698700,"s":"BTCUSDT","t":3327794733,"p":"42994.29000000","q":"0.00039000","b":23816930822,"a":23816929943,"T":1702970698699,"m":false,"M":true}
{"e":"trade","E":1702970698783,"s":"BTCUSDT","t":3327794734,"p":"42994.29000000","q":"0.04800000","b":23816930830,"a":23816929943,"T":1702970698783,"m":false,"M":true}
{"e":"trade","E":1702970699266,"s":"BTCUSDT","t":3327794735,"p":"42994.29000000","q":"0.00061000","b":23816930858,"a":23816929943,"T":1702970699265,"m":false,"M":true}
{"e":"trade","E":1702970699377,"s":"BTCUSDT","t":3327794736,"p":"42994.29000000","q":"0.00930000","b":23816930870,"a":23816929943,"T":1702970699377,"m":false,"M":true}
{"e":"trade","E":1702970699975,"s":"BTCUSDT","t":3327794739,"p":"42994.29000000","q":"0.00128000","b":23816930915,"a":23816929943,"T":1702970699974,"m":false,"M":true}
{"e":"trade","E":1702970699980,"s":"BTCUSDT","t":3327794744,"p":"42994.29000000","q":"0.00245000","b":23816930922,"a":23816929943,"T":1702970699980,"m":false,"M":true}
{"e":"trade","E":1702970699983,"s":"BTCUSDT","t":3327794745,"p":"42994.29000000","q":"0.00158000","b":23816930923,"a":23816929943,"T":1702970699983,"m":false,"M":true}
{"e":"trade","E":1702970699984,"s":"BTCUSDT","t":3327794746,"p":"42994.29000000","q":"0.00125000","b":23816930924,"a":23816929943,"T":1702970699983,"m":false,"M":true}
{"e":"trade","E":1702970699984,"s":"BTCUSDT","t":3327794747,"p":"42994.29000000","q":"0.00054000","b":23816930925,"a":23816929943,"T":1702970699983,"m":false,"M":true}
{"e":"trade","E":1702970699984,"s":"BTCUSDT","t":3327794748,"p":"42994.29000000","q":"0.00163000","b":23816930926,"a":23816929943,"T":1702970699983,"m":false,"M":true}
{"e":"trade","E":1702970699986,"s":"BTCUSDT","t":3327794750,"p":"42994.29000000","q":"0.00077000","b":23816930929,"a":23816929943,"T":1702970699986,"m":false,"M":true}
{"e":"trade","E":1702970699990,"s":"BTCUSDT","t":3327794751,"p":"42994.29000000","q":"0.00171000","b":23816930931,"a":23816929943,"T":1702970699989,"m":false,"M":true}
{"e":"trade","E":1702970699990,"s":"BTCUSDT","t":3327794752,"p":"42994.29000000","q":"0.00123000","b":23816930932,"a":23816929943,"T":1702970699990,"m":false,"M":true}
{"e":"trade","E":1702970699996,"s":"BTCUSDT","t":3327794758,"p":"42994.29000000","q":"0.00231000","b":23816930939,"a":23816929943,"T":1702970699995,"m":false,"M":true}
{"e":"trade","E":1702970699999,"s":"BTCUSDT","t":3327794760,"p":"42994.29000000","q":"0.00203000","b":23816930941,"a":23816929943,"T":1702970699998,"m":false,"M":true}
{"e":"trade","E":1702970700003,"s":"BTCUSDT","t":3327794763,"p":"42994.29000000","q":"0.00192000","b":23816930944,"a":23816929943,"T":1702970700002,"m":false,"M":true}
{"e":"trade","E":1702970700006,"s":"BTCUSDT","t":3327794766,"p":"42994.29000000","q":"0.00165000","b":23816930947,"a":23816929943,"T":1702970700004,"m":false,"M":true}
{"e":"trade","E":1702970700009,"s":"BTCUSDT","t":3327794767,"p":"42994.29000000","q":"0.00043000","b":23816930948,"a":23816929943,"T":1702970700006,"m":false,"M":true}
{"e":"trade","E":1702970700010,"s":"BTCUSDT","t":3327794768,"p":"42994.29000000","q":"0.00246000","b":23816930949,"a":23816929943,"T":1702970700007,"m":false,"M":true}
{"e":"trade","E":1702970700010,"s":"BTCUSDT","t":3327794769,"p":"42994.29000000","q":"0.00169000","b":23816930951,"a":23816929943,"T":1702970700007,"m":false,"M":true}
{"e":"trade","E":1702970700011,"s":"BTCUSDT","t":3327794771,"p":"42994.29000000","q":"0.00248000","b":23816930953,"a":23816929943,"T":1702970700008,"m":false,"M":true}
{"e":"trade","E":1702970700011,"s":"BTCUSDT","t":3327794773,"p":"42994.29000000","q":"0.00136000","b":23816930955,"a":23816929943,"T":1702970700009,"m":false,"M":true}
{"e":"trade","E":1702970700015,"s":"BTCUSDT","t":3327794779,"p":"42994.29000000","q":"0.00095000","b":23816930963,"a":23816929943,"T":1702970700014,"m":false,"M":true}
{"e":"trade","E":1702970700016,"s":"BTCUSDT","t":3327794781,"p":"42994.29000000","q":"0.00259000","b":23816930965,"a":23816929943,"T":1702970700015,"m":false,"M":true}
{"e":"trade","E":1702970700016,"s":"BTCUSDT","t":3327794782,"p":"42994.29000000","q":"0.00191000","b":23816930966,"a":23816929943,"T":1702970700016,"m":false,"M":true}
{"e":"trade","E":1702970700023,"s":"BTCUSDT","t":3327794788,"p":"42994.29000000","q":"0.00137000","b":23816930974,"a":23816929943,"T":1702970700022,"m":false,"M":true}
{"e":"trade","E":1702970700029,"s":"BTCUSDT","t":3327794790,"p":"42994.29000000","q":"0.00054000","b":23816930977,"a":23816929943,"T":1702970700028,"m":false,"M":true}
{"e":"trade","E":1702970700033,"s":"BTCUSDT","t":3327794791,"p":"42994.29000000","q":"0.00142000","b":23816930979,"a":23816929943,"T":1702970700033,"m":false,"M":true}
{"e":"trade","E":1702970700173,"s":"BTCUSDT","t":3327794792,"p":"42994.29000000","q":"0.01730000","b":23816930988,"a":23816929943,"T":1702970700172,"m":false,"M":true}
{"e":"trade","E":1702970700266,"s":"BTCUSDT","t":3327794794,"p":"42994.29000000","q":"0.00100000","b":23816931004,"a":23816929943,"T":1702970700265,"m":false,"M":true}
{"e":"trade","E":1702970701309,"s":"BTCUSDT","t":3327794797,"p":"42994.29000000","q":"0.01236000","b":23816931054,"a":23816929943,"T":1702970701308,"m":false,"M":true}
{"e":"trade","E":1702970701778,"s":"BTCUSDT","t":3327794800,"p":"42994.29000000","q":"0.00031000","b":23816931075,"a":23816929943,"T":1702970701777,"m":false,"M":true}
{"e":"trade","E":1702970702384,"s":"BTCUSDT","t":3327794801,"p":"42994.29000000","q":"0.00020000","b":23816931121,"a":23816929943,"T":1702970702383,"m":false,"M":true}
{"e":"trade","E":1702970702839,"s":"BTCUSDT","t":3327794802,"p":"42994.29000000","q":"0.00014000","b":23816931147,"a":23816929943,"T":1702970702838,"m":false,"M":true}
{"e":"trade","E":1702970702896,"s":"BTCUSDT","t":3327794803,"p":"42994.29000000","q":"0.00321000","b":23816931153,"a":23816929943,"T":1702970702895,"m":false,"M":true}
{"e":"trade","E":1702970703206,"s":"BTCUSDT","t":3327794806,"p":"42994.29000000","q":"0.00137000","b":23816931169,"a":23816929943,"T":1702970703205,"m":false,"M":true}
{"e":"trade","E":1702970703915,"s":"BTCUSDT","t":3327794808,"p":"42994.29000000","q":"0.00112000","b":23816931207,"a":23816929943,"T":1702970703914,"m":false,"M":true}
{"e":"trade","E":1702970704087,"s":"BTCUSDT","t":3327794809,"p":"42994.29000000","q":"0.00020000","b":23816931214,"a":23816929943,"T":1702970704087,"m":false,"M":true}
{"e":"trade","E":1702970704187,"s":"BTCUSDT","t":3327794810,"p":"42994.29000000","q":"0.00072000","b":23816931218,"a":23816929943,"T":1702970704186,"m":false,"M":true}
{"e":"trade","E":1702970704449,"s":"BTCUSDT","t":3327794811,"p":"42994.29000000","q":"0.00211000","b":23816931233,"a":23816929943,"T":1702970704448,"m":false,"M":true}
{"e":"trade","E":1702970705253,"s":"BTCUSDT","t":3327794813,"p":"42994.29000000","q":"0.00041000","b":23816931283,"a":23816929943,"T":1702970705252,"m":false,"M":true}
{"e":"trade","E":1702970705488,"s":"BTCUSDT","t":3327794814,"p":"42994.29000000","q":"0.01898000","b":23816931294,"a":23816929943,"T":1702970705487,"m":false,"M":true}
{"e":"trade","E":1702970707010,"s":"BTCUSDT","t":3327794817,"p":"42994.29000000","q":"0.28498000","b":23816931369,"a":23816929943,"T":1702970706907,"m":false,"M":true}
{"e":"trade","E":1702970707805,"s":"BTCUSDT","t":3327794820,"p":"42994.29000000","q":"0.02325000","b":23816931475,"a":23816929943,"T":1702970707805,"m":false,"M":true}
{"e":"trade","E":1702970708723,"s":"BTCUSDT","t":3327794829,"p":"42994.29000000","q":"0.09131000","b":23816931524,"a":23816929943,"T":1702970708722,"m":false,"M":true}
{"e":"trade","E":1702970709754,"s":"BTCUSDT","t":3327794833,"p":"42994.29000000","q":"0.00233000","b":23816931570,"a":23816929943,"T":1702970709753,"m":false,"M":true}
{"e":"trade","E":1702970712341,"s":"BTCUSDT","t":3327794837,"p":"42994.29000000","q":"0.00465000","b":23816931741,"a":23816929943,"T":1702970712341,"m":false,"M":true}
{"e":"trade","E":1702970712374,"s":"BTCUSDT","t":3327794838,"p":"42994.29000000","q":"0.02084000","b":23816931744,"a":23816929943,"T":1702970712374,"m":false,"M":true}
{"e":"trade","E":1702970713356,"s":"BTCUSDT","t":3327794844,"p":"42994.29000000","q":"0.00019000","b":23816931791,"a":23816929943,"T":1702970713355,"m":false,"M":true}
{"e":"trade","E":1702970714847,"s":"BTCUSDT","t":3327794847,"p":"42994.29000000","q":"0.00214000","b":23816931832,"a":23816929943,"T":1702970714846,"m":false,"M":true}
{"e":"trade","E":1702970715334,"s":"BTCUSDT","t":3327794848,"p":"42994.29000000","q":"0.00033000","b":23816931845,"a":23816929943,"T":1702970715333,"m":false,"M":true}
{"e":"trade","E":1702970715454,"s":"BTCUSDT","t":3327794849,"p":"42994.29000000","q":"0.00186000","b":23816931858,"a":23816929943,"T":1702970715454,"m":false,"M":true}
{"e":"trade","E":1702970715456,"s":"BTCUSDT","t":3327794850,"p":"42994.29000000","q":"0.00049000","b":23816931859,"a":23816929943,"T":1702970715456,"m":false,"M":true}
{"e":"trade","E":1702970715934,"s":"BTCUSDT","t":3327794852,"p":"42994.29000000","q":"0.00023000","b":23816931881,"a":23816929943,"T":1702970715933,"m":false,"M":true}
{"e":"trade","E":1702970716616,"s":"BTCUSDT","t":3327794857,"p":"42994.29000000","q":"0.09680000","b":23816931921,"a":23816929943,"T":1702970716615,"m":false,"M":true}
{"e":"trade","E":1702970716616,"s":"BTCUSDT","t":3327794858,"p":"42994.29000000","q":"0.11775000","b":23816931921,"a":23816929967,"T":1702970716615,"m":false,"M":true}
{"e":"trade","E":1702970719113,"s":"BTCUSDT","t":3327794863,"p":"42994.29000000","q":"0.01297000","b":23816932039,"a":23816929967,"T":1702970719112,"m":false,"M":true}
{"e":"trade","E":1702970719160,"s":"BTCUSDT","t":3327794865,"p":"42994.29000000","q":"0.00088000","b":23816932043,"a":23816929967,"T":1702970719159,"m":false,"M":true}
{"e":"trade","E":1702970719217,"s":"BTCUSDT","t":3327794866,"p":"42994.29000000","q":"0.00047000","b":23816932048,"a":23816929967,"T":1702970719216,"m":false,"M":true}
{"e":"trade","E":1702970719239,"s":"BTCUSDT","t":3327794867,"p":"42994.29000000","q":"0.00106000","b":23816932051,"a":23816929967,"T":1702970719238,"m":false,"M":true}
{"e":"trade","E":1702970719315,"s":"BTCUSDT","t":3327794869,"p":"42994.29000000","q":"0.00214000","b":23816932060,"a":23816929967,"T":1702970719315,"m":false,"M":true}
{"e":"trade","E":1702970719822,"s":"BTCUSDT","t":3327794870,"p":"42994.29000000","q":"0.00022000","b":23816932090,"a":23816929967,"T":1702970719822,"m":false,"M":true}
{"e":"trade","E":1702970720143,"s":"BTCUSDT","t":3327794871,"p":"42994.29000000","q":"0.01108000","b":23816932107,"a":23816929967,"T":1702970720142,"m":false,"M":true}
{"e":"trade","E":1702970720934,"s":"BTCUSDT","t":3327794874,"p":"42994.29000000","q":"0.00038000","b":23816932129,"a":23816929967,"T":1702970720933,"m":false,"M":true}
{"e":"trade","E":1702970721754,"s":"BTCUSDT","t":3327794876,"p":"42994.29000000","q":"0.01395000","b":23816932178,"a":23816929967,"T":1702970721753,"m":false,"M":true}
{"e":"trade","E":1702970721907,"s":"BTCUSDT","t":3327794877,"p":"42994.29000000","q":"0.28191000","b":23816932183,"a":23816929967,"T":1702970721906,"m":false,"M":true}
{"e":"trade","E":1702970723318,"s":"BTCUSDT","t":3327794884,"p":"42994.29000000","q":"0.00210000","b":23816932259,"a":23816929967,"T":1702970723317,"m":false,"M":true}
{"e":"trade","E":1702970724027,"s":"BTCUSDT","t":3327794886,"p":"42994.29000000","q":"0.00011000","b":23816932278,"a":23816929967,"T":1702970724026,"m":false,"M":true}
{"e":"trade","E":1702970725014,"s":"BTCUSDT","t":3327794899,"p":"42994.29000000","q":"0.00359000","b":23816932327,"a":23816929967,"T":1702970725013,"m":false,"M":true}
{"e":"trade","E":1702970725969,"s":"BTCUSDT","t":3327795084,"p":"42986.14000000","q":"0.00511000","b":23816933032,"a":23816932991,"T":1702970725882,"m":false,"M":true}
{"e":"trade","E":1702970726114,"s":"BTCUSDT","t":3327795085,"p":"42985.80000000","q":"0.00020000","b":23816933339,"a":23816933108,"T":1702970726034,"m":false,"M":true}
{"e":"trade","E":1702970726181,"s":"BTCUSDT","t":3327795086,"p":"42985.80000000","q":"0.00020000","b":23816933492,"a":23816933108,"T":1702970726137,"m":false,"M":true}
{"e":"trade","E":1702970726221,"s":"BTCUSDT","t":3327795087,"p":"42985.80000000","q":"0.00020000","b":23816933532,"a":23816933108,"T":1702970726189,"m":false,"M":true}
{"e":"trade","E":1702970726226,"s":"BTCUSDT","t":3327795088,"p":"42985.80000000","q":"0.00020000","b":23816933534,"a":23816933108,"T":1702970726198,"m":false,"M":true}
{"e":"trade","E":1702970726347,"s":"BTCUSDT","t":3327795090,"p":"42984.82000000","q":"0.00020000","b":23816933689,"a":23816933585,"T":1702970726345,"m":false,"M":true}
{"e":"trade","E":1702970726360,"s":"BTCUSDT","t":3327795091,"p":"42984.82000000","q":"0.00020000","b":23816933700,"a":23816933585,"T":1702970726359,"m":false,"M":true}
{"e":"trade","E":1702970726360,"s":"BTCUSDT","t":3327795092,"p":"42984.82000000","q":"0.00020000","b":23816933701,"a":23816933585,"T":1702970726359,"m":false,"M":true}
{"e":"trade","E":1702970726389,"s":"BTCUSDT","t":3327795093,"p":"42984.82000000","q":"0.00020000","b":23816933717,"a":23816933585,"T":1702970726387,"m":false,"M":true}
{"e":"trade","E":1702970726408,"s":"BTCUSDT","t":3327795094,"p":"42984.82000000","q":"0.00020000","b":23816933726,"a":23816933585,"T":1702970726407,"m":false,"M":true}
