{"e":"trade","E":1702970589177,"s":"BTCUSDT","t":3327793281,"p":"42978.49000000","q":"0.01166000","b":23816912526,"a":23816914086,"T":1702970589177,"m":true,"M":true}
{"e":"trade","E":1702970589199,"s":"BTCUSDT","t":3327793282,"p":"42978.49000000","q":"0.12794000","b":23816912526,"a":23816914089,"T":1702970589198,"m":true,"M":true}
{"e":"trade","E":1702970589199,"s":"BTCUSDT","t":3327793283,"p":"42978.49000000","q":"0.00500000","b":23816912593,"a":23816914089,"T":1702970589198,"m":true,"M":true}
{"e":"trade","E":1702970589199,"s":"BTCUSDT","t":3327793284,"p":"42978.49000000","q":"0.00349000","b":23816912640,"a":23816914089,"T":1702970589198,"m":true,"M":true}
{"e":"trade","E":1702970589199,"s":"BTCUSDT","t":3327793285,"p":"42978.49000000","q":"0.00034000","b":23816912667,"a":23816914089,"T":1702970589198,"m":true,"M":true}
{"e":"trade","E":1702970589199,"s":"BTCUSDT","t":3327793286,"p":"42978.49000000","q":"0.00013000","b":23816912814,"a":23816914089,"T":1702970589198,"m":true,"M":true}
{"e":"trade","E":1702970589199,"s":"BTCUSDT","t":3327793287,"p":"42978.49000000","q":"0.00349000","b":23816912823,"a":23816914089,"T":1702970589198,"m":true,"M":true}
{"e":"trade","E":1702970589199,"s":"BTCUSDT","t":3327793288,"p":"42978.49000000","q":"0.09387000","b":23816912956,"a":23816914089,"T":1702970589198,"m":true,"M":true}
{"e":"trade","E":1702970589210,"s":"BTCUSDT","t":3327793289,"p":"42978.49000000","q":"0.00126000","b":23816912956,"a":23816914091,"T":1702970589209,"m":true,"M":true}
{"e":"trade","E":1702970590132,"s":"BTCUSDT","t":3327793290,"p":"42978.49000000","q":"0.01912000","b":23816912956,"a":23816914164,"T":1702970590131,"m":true,"M":true}
{"e":"trade","E":1702970590132,"s":"BTCUSDT","t":3327793291,"p":"42978.49000000","q":"0.00034000","b":23816913188,"a":23816914164,"T":1702970590131,"m":true,"M":true}
{"e":"trade","E":1702970590132,"s":"BTCUSDT","t":3327793292,"p":"42978.49000000","q":"0.00046000","b":23816913291,"a":23816914164,"T":1702970590131,"m":true,"M":true}
{"e":"trade","E":1702970590132,"s":"BTCUSDT","t":3327793293,"p":"42978.49000000","q":"0.00034000","b":23816913785,"a":23816914164,"T":1702970590131,"m":true,"M":true}
{"e":"trade","E":1702970590132,"s":"BTCUSDT","t":3327793294,"p":"42978.49000000","q":"0.03066000","b":23816913817,"a":23816914164,"T":1702970590131,"m":true,"M":true}
{"e":"trade","E":1702970590341,"s":"BTCUSDT","t":3327793295,"p":"42978.49000000","q":"0.00320000","b":23816913818,"a":23816914189,"T":1702970590341,"m":true,"M":true}
{"e":"trade","E":1702970590794,"s":"BTCUSDT","t":3327793296,"p":"42978.49000000","q":"0.00222000","b":23816913820,"a":23816914280,"T":1702970590793,"m":true,"M":true}
{"e":"trade","E":1702970590808,"s":"BTCUSDT","t":3327793297,"p":"42978.49000000","q":"0.00300000","b":23816913820,"a":23816914288,"T":1702970590808,"m":true,"M":true}
{"e":"trade","E":1702970590831,"s":"BTCUSDT","t":3327793298,"p":"42978.49000000","q":"0.00088000","b":23816913820,"a":23816914292,"T":1702970590830,"m":true,"M":true}
{"e":"trade","E":1702970590856,"s":"BTCUSDT","t":3327793299,"p":"42978.49000000","q":"0.00047000","b":23816913839,"a":23816914302,"T":1702970590855,"m":true,"M":true}
{"e":"trade","E":1702970590907,"s":"BTCUSDT","t":3327793300,"p":"42978.49000000","q":"0.02000000","b":23816913856,"a":23816914320,"T":1702970590906,"m":true,"M":true}
{"e":"trade","E":1702970591022,"s":"BTCUSDT","t":3327793301,"p":"42978.49000000","q":"0.00160000","b":23816913892,"a":23816914335,"T":1702970591021,"m":true,"M":true}
{"e":"trade","E":1702970591068,"s":"BTCUSDT","t":3327793302,"p":"42978.49000000","q":"0.04653000","b":23816913892,"a":23816914341,"T":1702970591068,"m":true,"M":true}
{"e":"trade","E":1702970592031,"s":"BTCUSDT","t":3327793304,"p":"42978.49000000","q":"0.00034000","b":23816913956,"a":23816914478,"T":1702970592031,"m":true,"M":true}
{"e":"trade","E":1702970592031,"s":"BTCUSDT","t":3327793305,"p":"42978.49000000","q":"0.00085000","b":23816913964,"a":23816914478,"T":1702970592031,"m":true,"M":true}
{"e":"trade","E":1702970592352,"s":"BTCUSDT","t":3327793306,"p":"42978.49000000","q":"0.00550000","b":23816913964,"a":23816914503,"T":1702970592351,"m":true,"M":true}
{"e":"trade","E":1702970593060,"s":"BTCUSDT","t":3327793307,"p":"42978.49000000","q":"0.02000000","b":23816913964,"a":23816914574,"T":1702970593059,"m":true,"M":true}
{"e":"trade","E":1702970593216,"s":"BTCUSDT","t":3327793308,"p":"42978.49000000","q":"0.00088000","b":23816913964,"a":23816914592,"T":1702970593215,"m":true,"M":true}
{"e":"trade","E":1702970593363,"s":"BTCUSDT","t":3327793309,"p":"42978.49000000","q":"0.00024000","b":23816913964,"a":23816914610,"T":1702970593362,"m":true,"M":true}
{"e":"trade","E":1702970593809,"s":"BTCUSDT","t":3327793310,"p":"42978.49000000","q":"0.02032000","b":23816913964,"a":23816914630,"T":1702970593808,"m":true,"M":true}
{"e":"trade","E":1702970594208,"s":"BTCUSDT","t":3327793313,"p":"42978.49000000","q":"0.00173000","b":23816913964,"a":23816914655,"T":1702970594207,"m":true,"M":true}
{"e":"trade","E":1702970595219,"s":"BTCUSDT","t":3327793315,"p":"42978.49000000","q":"0.02000000","b":23816913964,"a":23816914703,"T":1702970595218,"m":true,"M":true}
{"e":"trade","E":1702970595549,"s":"BTCUSDT","t":3327793318,"p":"42978.49000000","q":"0.00190000","b":23816913964,"a":23816914729,"T":1702970595548,"m":true,"M":true}
{"e":"trade","E":1702970595693,"s":"BTCUSDT","t":3327793319,"p":"42978.49000000","q":"0.00582000","b":23816913964,"a":23816914733,"T":1702970595692,"m":true,"M":true}
{"e":"trade","E":1702970596306,"s":"BTCUSDT","t":3327793320,"p":"42978.49000000","q":"0.03700000","b":23816913964,"a":23816914755,"T":1702970596305,"m":true,"M":true}
{"e":"trade","E":1702970596762,"s":"BTCUSDT","t":3327793322,"p":"42978.49000000","q":"0.00441000","b":23816913964,"a":23816914764,"T":1702970596761,"m":true,"M":true}
{"e":"trade","E":1702970597386,"s":"BTCUSDT","t":3327793325,"p":"42978.49000000","q":"0.02000000","b":23816913964,"a":23816914787,"T":1702970597385,"m":true,"M":true}
{"e":"trade","E":1702970597484,"s":"BTCUSDT","t":3327793326,"p":"42978.49000000","q":"0.00023000","b":23816913964,"a":23816914793,"T":1702970597484,"m":true,"M":true}
{"e":"trade","E":1702970598174,"s":"BTCUSDT","t":3327793327,"p":"42978.49000000","q":"0.09865000","b":23816913964,"a":23816914908,"T":1702970598173,"m":true,"M":true}
{"e":"trade","E":1702970598569,"s":"BTCUSDT","t":3327793329,"p":"42978.49000000","q":"0.00168000","b":23816913964,"a":23816914932,"T":1702970598568,"m":true,"M":true}
{"e":"trade","E":1702970598887,"s":"BTCUSDT","t":3327793330,"p":"42978.49000000","q":"0.00235000","b":23816913964,"a":23816914947,"T":1702970598886,"m":true,"M":true}
{"e":"trade","E":1702970599551,"s":"BTCUSDT","t":3327793332,"p":"42978.49000000","q":"0.02000000","b":23816913964,"a":23816914988,"T":1702970599550,"m":true,"M":true}
{"e":"trade","E":1702970599793,"s":"BTCUSDT","t":3327793333,"p":"42978.49000000","q":"0.00528000","b":23816913964,"a":23816914998,"T":1702970599792,"m":true,"M":true}
{"e":"trade","E":1702970600393,"s":"BTCUSDT","t":3327793335,"p":"42978.49000000","q":"0.00141000","b":23816913964,"a":23816915041,"T":1702970600392,"m":true,"M":true}
{"e":"trade","E":1702970600915,"s":"BTCUSDT","t":3327793336,"p":"42978.49000000","q":"0.00304000","b":23816913964,"a":23816915072,"T":1702970600914,"m":true,"M":true}
{"e":"trade","E":1702970601471,"s":"BTCUSDT","t":3327793337,"p":"42978.49000000","q":"0.00281000","b":23816913964,"a":23816915096,"T":1702970601471,"m":true,"M":true}
{"e":"trade","E":1702970601713,"s":"BTCUSDT","t":3327793338,"p":"42978.49000000","q":"0.02000000","b":23816913964,"a":23816915103,"T":1702970601711,"m":true,"M":true}
{"e":"trade","E":1702970602980,"s":"BTCUSDT","t":3327793340,"p":"42978.49000000","q":"0.00020000","b":23816913964,"a":23816915139,"T":1702970602979,"m":true,"M":true}
{"e":"trade","E":1702970603889,"s":"BTCUSDT","t":3327793342,"p":"42978.49000000","q":"0.02000000","b":23816913964,"a":23816915164,"T":1702970603889,"m":true,"M":true}
{"e":"trade","E":1702970604052,"s":"BTCUSDT","t":3327793343,"p":"42978.49000000","q":"0.01300000","b":23816913964,"a":23816915166,"T":1702970604051,"m":true,"M":true}
{"e":"trade","E":1702970604823,"s":"BTCUSDT","t":3327793346,"p":"42978.49000000","q":"0.00049000","b":23816913964,"a":23816915188,"T":1702970604821,"m":true,"M":true}
{"e":"trade","E":1702970605099,"s":"BTCUSDT","t":3327793347,"p":"42978.49000000","q":"0.00219000","b":23816913964,"a":23816915194,"T":1702970605098,"m":true,"M":true}
{"e":"trade","E":1702970605133,"s":"BTCUSDT","t":3327793348,"p":"42978.49000000","q":"0.00221000","b":23816913964,"a":23816915195,"T":1702970605132,"m":true,"M":true}
{"e":"trade","E":1702970606061,"s":"BTCUSDT","t":3327793350,"p":"42978.49000000","q":"0.02000000","b":23816913964,"a":23816915214,"T":1702970606060,"m":true,"M":true}
{"e":"trade","E":1702970606105,"s":"BTCUSDT","t":3327793351,"p":"42978.49000000","q":"0.00053000","b":23816913964,"a":23816915216,"T":1702970606104,"m":true,"M":true}
{"e":"trade","E":1702970606853,"s":"BTCUSDT","t":3327793353,"p":"42978.49000000","q":"0.03052000","b":23816913964,"a":23816915239,"T":1702970606852,"m":true,"M":true}
{"e":"trade","E":1702970607065,"s":"BTCUSDT","t":3327793366,"p":"42978.49000000","q":"0.00538000","b":23816913964,"a":23816915248,"T":1702970607064,"m":true,"M":true}
{"e":"trade","E":1702970608252,"s":"BTCUSDT","t":3327793368,"p":"42978.49000000","q":"0.02000000","b":23816913964,"a":23816915289,"T":1702970608252,"m":true,"M":true}
{"e":"trade","E":1702970608333,"s":"BTCUSDT","t":3327793369,"p":"42978.49000000","q":"0.00029000","b":23816913964,"a":23816915300,"T":1702970608332,"m":true,"M":true}
{"e":"trade","E":1702970608522,"s":"BTCUSDT","t":3327793370,"p":"42978.49000000","q":"0.00528000","b":23816913964,"a":23816915304,"T":1702970608521,"m":true,"M":true}
{"e":"trade","E":1702970609608,"s":"BTCUSDT","t":3327793371,"p":"42978.49000000","q":"0.00582000","b":23816913964,"a":23816915338,"T":1702970609608,"m":true,"M":true}
{"e":"trade","E":1702970609901,"s":"BTCUSDT","t":3327793376,"p":"42978.49000000","q":"0.00296000","b":23816913964,"a":23816915348,"T":1702970609900,"m":true,"M":true}
{"e":"trade","E":1702970610096,"s":"BTCUSDT","t":3327793377,"p":"42978.49000000","q":"0.00549000","b":23816913964,"a":23816915356,"T":1702970610096,"m":true,"M":true}
{"e":"trade","E":1702970610362,"s":"BTCUSDT","t":3327793429,"p":"42982.93000000","q":"0.00229000","b":23816915715,"a":23816915814,"T":1702970610321,"m":true,"M":true}
{"e":"trade","E":1702970610409,"s":"BTCUSDT","t":3327793430,"p":"42982.93000000","q":"0.00035000","b":23816915715,"a":23816915910,"T":1702970610394,"m":true,"M":true}
{"e":"trade","E":1702970610411,"s":"BTCUSDT","t":3327793431,"p":"42982.93000000","q":"0.00823000","b":23816915715,"a":23816915911,"T":1702970610398,"m":true,"M":true}
{"e":"trade","E":1702970610411,"s":"BTCUSDT","t":3327793432,"p":"42982.93000000","q":"0.01177000","b":23816915716,"a":23816915911,"T":1702970610398,"m":true,"M":true}
{"e":"trade","E":1702970610446,"s":"BTCUSDT","t":3327793433,"p":"42982.93000000","q":"0.07000000","b":23816915716,"a":23816915975,"T":1702970610445,"m":true,"M":true}
{"e":"trade","E":1702970610754,"s":"BTCUSDT","t":3327793449,"p":"42984.99000000","q":"0.05200000","b":23816916308,"a":23816916356,"T":1702970610753,"m":true,"M":true}
{"e":"trade","E":1702970611666,"s":"BTCUSDT","t":3327793453,"p":"42984.99000000","q":"0.00107000","b":23816916308,"a":23816916659,"T":1702970611665,"m":true,"M":true}
{"e":"trade","E":1702970611822,"s":"BTCUSDT","t":3327793454,"p":"42984.99000000","q":"0.00396000","b":23816916308,"a":23816916674,"T":1702970611821,"m":true,"M":true}
{"e":"trade","E":1702970612482,"s":"BTCUSDT","t":3327793472,"p":"42987.66000000","q":"0.01775000","b":23816916961,"a":23816917096,"T":1702970612481,"m":true,"M":true}
{"e":"trade","E":1702970612616,"s":"BTCUSDT","t":3327793479,"p":"42988.80000000","q":"0.00394000","b":23816917107,"a":23816917260,"T":1702970612602,"m":true,"M":true}
{"e":"trade","E":1702970612652,"s":"BTCUSDT","t":3327793480,"p":"42988.80000000","q":"0.00352000","b":23816917107,"a":23816917303,"T":1702970612641,"m":true,"M":true}
{"e":"trade","E":1702970612652,"s":"BTCUSDT","t":3327793481,"p":"42988.80000000","q":"0.01648000","b":23816917117,"a":23816917303,"T":1702970612641,"m":true,"M":true}
{"e":"trade","E":1702970613750,"s":"BTCUSDT","t":3327793495,"p":"42990.52000000","q":"0.00395000","b":23816917400,"a":23816917774,"T":1702970613750,"m":true,"M":true}
{"e":"trade","E":1702970614425,"s":"BTCUSDT","t":3327793496,"p":"42990.52000000","q":"0.00112000","b":23816917400,"a":23816917868,"T":1702970614424,"m":true,"M":true}
{"e":"trade","E":1702970614831,"s":"BTCUSDT","t":3327793497,"p":"42990.52000000","q":"0.02000000","b":23816917400,"a":23816917904,"T":1702970614830,"m":true,"M":true}
{"e":"trade","E":1702970614932,"s":"BTCUSDT","t":3327793498,"p":"42990.52000000","q":"0.00176000","b":23816917400,"a":23816917918,"T":1702970614932,"m":true,"M":true}
{"e":"trade","E":1702970615024,"s":"BTCUSDT","t":3327793499,"p":"42990.52000000","q":"0.00598000","b":23816917400,"a":23816917926,"T":1702970615023,"m":true,"M":true}
{"e":"trade","E":1702970617005,"s":"BTCUSDT","t":3327793505,"p":"42990.52000000","q":"0.02000000","b":23816917400,"a":23816918068,"T":1702970617004,"m":true,"M":true}
{"e":"trade","E":1702970619247,"s":"BTCUSDT","t":3327793509,"p":"42990.52000000","q":"0.02000000","b":23816917400,"a":23816918240,"T":1702970619247,"m":true,"M":true}
{"e":"trade","E":1702970619724,"s":"BTCUSDT","t":3327793510,"p":"42990.52000000","q":"0.04803000","b":23816917400,"a":23816918273,"T":1702970619724,"m":true,"M":true}
{"e":"trade","E":1702970619727,"s":"BTCUSDT","t":3327793511,"p":"42990.52000000","q":"0.07015000","b":23816917400,"a":23816918275,"T":1702970619727,"m":true,"M":true}
{"e":"trade","E":1702970619727,"s":"BTCUSDT","t":3327793512,"p":"42990.52000000","q":"0.01385000","b":23816917405,"a":23816918275,"T":1702970619727,"m":true,"M":true}
{"e":"trade","E":1702970619985,"s":"BTCUSDT","t":3327793514,"p":"42990.52000000","q":"0.00174000","b":23816917405,"a":23816918294,"T":1702970619985,"m":true,"M":true}
{"e":"trade","E":1702970620558,"s":"BTCUSDT","t":3327793516,"p":"42990.52000000","q":"0.00046000","b":23816917405,"a":23816918318,"T":1702970620557,"m":true,"M":true}
{"e":"trade","E":1702970620914,"s":"BTCUSDT","t":3327793517,"p":"42990.52000000","q":"0.00381000","b":23816917405,"a":23816918337,"T":1702970620913,"m":true,"M":true}
{"e":"trade","E":1702970620987,"s":"BTCUSDT","t":3327793518,"p":"42990.52000000","q":"0.00027000","b":23816917405,"a":23816918343,"T":1702970620986,"m":true,"M":true}
{"e":"trade","E":1702970621428,"s":"BTCUSDT","t":3327793521,"p":"42990.52000000","q":"0.02000000","b":23816917405,"a":23816918367,"T":1702970621427,"m":true,"M":true}
{"e":"trade","E":1702970621862,"s":"BTCUSDT","t":3327793522,"p":"42990.52000000","q":"0.31856000","b":23816917405,"a":23816918385,"T":1702970621861,"m":true,"M":true}
{"e":"trade","E":1702970622142,"s":"BTCUSDT","t":3327793524,"p":"42990.52000000","q":"0.00101000","b":23816917405,"a":23816918395,"T":1702970622141,"m":true,"M":true}
{"e":"trade","E":1702970622238,"s":"BTCUSDT","t":3327793525,"p":"42990.52000000","q":"0.03533000","b":23816917405,"a":23816918405,"T":1702970622238,"m":true,"M":true}
{"e":"trade","E":1702970622578,"s":"BTCUSDT","t":3327793526,"p":"42990.52000000","q":"0.00555000","b":23816917405,"a":23816918437,"T":1702970622578,"m":true,"M":true}
{"e":"trade","E":1702970623636,"s":"BTCUSDT","t":3327793527,"p":"42990.52000000","q":"0.02000000","b":23816917405,"a":23816918483,"T":1702970623635,"m":true,"M":true}
{"e":"trade","E":1702970623770,"s":"BTCUSDT","t":3327793528,"p":"42990.52000000","q":"0.00698000","b":23816917405,"a":23816918485,"T":1702970623769,"m":true,"M":true}
{"e":"trade","E":1702970625452,"s":"BTCUSDT","t":3327793530,"p":"42990.52000000","q":"0.00254000","b":23816917405,"a":23816918579,"T":1702970625451,"m":true,"M":true}
{"e":"trade","E":1702970625803,"s":"BTCUSDT","t":3327793532,"p":"42990.52000000","q":"0.02000000","b":23816917405,"a":23816918595,"T":1702970625802,"m":true,"M":true}
{"e":"trade","E":1702970626305,"s":"BTCUSDT","t":3327793533,"p":"42990.52000000","q":"0.00213000","b":23816917405,"a":23816918619,"T":1702970626305,"m":true,"M":true}
{"e":"trade","E":1702970626609,"s":"BTCUSDT","t":3327793534,"p":"42990.52000000","q":"0.00283000","b":23816917405,"a":23816918647,"T":1702970626608,"m":true,"M":true}
{"e":"trade","E":1702970626801,"s":"BTCUSDT","t":3327793536,"p":"42990.52000000","q":"0.02326000","b":23816917405,"a":23816918658,"T":1702970626800,"m":true,"M":true}
{"e":"trade","E":1702970627408,"s":"BTCUSDT","t":3327793539,"p":"42990.52000000","q":"0.00233000","b":23816917405,"a":23816918686,"T":1702970627407,"m":true,"M":true}
{"e":"trade","E":1702970627490,"s":"BTCUSDT","t":3327793540,"p":"42990.52000000","q":"0.00082000","b":23816917405,"a":23816918695,"T":1702970627489,"m":true,"M":true}
{"e":"trade","E":1702970627985,"s":"BTCUSDT","t":3327793545,"p":"42990.52000000","q":"0.02000000","b":23816917405,"a":23816918724,"T":1702970627984,"m":true,"M":true}
{"e":"trade","E":1702970629989,"s":"BTCUSDT","t":3327793548,"p":"42990.52000000","q":"0.00643000","b":23816917405,"a":23816918808,"T":1702970629988,"m":true,"M":true}
{"e":"trade","E":1702970630164,"s":"BTCUSDT","t":3327793549,"p":"42990.52000000","q":"0.02000000","b":23816917405,"a":23816918813,"T":1702970630164,"m":true,"M":true}
{"e":"trade","E":1702970630340,"s":"BTCUSDT","t":3327793550,"p":"42990.52000000","q":"0.00465000","b":23816917405,"a":23816918815,"T":1702970630339,"m":true,"M":true}
{"e":"trade","E":1702970631906,"s":"BTCUSDT","t":3327793561,"p":"42990.52000000","q":"0.16523000","b":23816917405,"a":23816918866,"T":1702970631905,"m":true,"M":true}
{"e":"trade","E":1702970631906,"s":"BTCUSDT","t":3327793562,"p":"42990.52000000","q":"0.01506000","b":23816917410,"a":23816918866,"T":1702970631905,"m":true,"M":true}
{"e":"trade","E":1702970631906,"s":"BTCUSDT","t":3327793563,"p":"42990.52000000","q":"0.15793000","b":23816917413,"a":23816918866,"T":1702970631905,"m":true,"M":true}
{"e":"trade","E":1702970632345,"s":"BTCUSDT","t":3327793572,"p":"42990.55000000","q":"0.02000000","b":23816918874,"a":23816918965,"T":1702970632343,"m":true,"M":true}
{"e":"trade","E":1702970632355,"s":"BTCUSDT","t":3327793575,"p":"42990.55000000","q":"0.01841000","b":23816918874,"a":23816918969,"T":1702970632355,"m":true,"M":true}
{"e":"trade","E":1702970632358,"s":"BTCUSDT","t":3327793576,"p":"42990.55000000","q":"0.00462000","b":23816918874,"a":23816918970,"T":1702970632357,"m":true,"M":true}
{"e":"trade","E":1702970633501,"s":"BTCUSDT","t":3327793580,"p":"42990.55000000","q":"0.00661000","b":23816918874,"a":23816919019,"T":1702970633500,"m":true,"M":true}
{"e":"trade","E":1702970633885,"s":"BTCUSDT","t":3327793590,"p":"42990.59000000","q":"0.04653000","b":23816918956,"a":23816919084,"T":1702970633883,"m":true,"M":true}
{"e":"trade","E":1702970633929,"s":"BTCUSDT","t":3327793591,"p":"42990.59000000","q":"0.00252000","b":23816918956,"a":23816919107,"T":1702970633926,"m":true,"M":true}
{"e":"trade","E":1702970634234,"s":"BTCUSDT","t":3327793592,"p":"42990.65000000","q":"0.00029000","b":23816919121,"a":23816919199,"T":1702970634233,"m":true,"M":true}
{"e":"trade","E":1702970634505,"s":"BTCUSDT","t":3327793593,"p":"42990.65000000","q":"0.02000000","b":23816919121,"a":23816919229,"T":1702970634504,"m":true,"M":true}
{"e":"trade","E":1702970634817,"s":"BTCUSDT","t":3327793594,"p":"42990.65000000","q":"0.00040000","b":23816919121,"a":23816919239,"T":1702970634816,"m":true,"M":true}
{"e":"trade","E":1702970634994,"s":"BTCUSDT","t":3327793595,"p":"42990.65000000","q":"0.00030000","b":23816919121,"a":23816919241,"T":1702970634993,"m":true,"M":true}
{"e":"trade","E":1702970635234,"s":"BTCUSDT","t":3327793596,"p":"42990.65000000","q":"0.06901000","b":23816919121,"a":23816919258,"T":1702970635233,"m":true,"M":true}
{"e":"trade","E":1702970635234,"s":"BTCUSDT","t":3327793597,"p":"42990.65000000","q":"0.00074000","b":23816919122,"a":23816919258,"T":1702970635233,"m":true,"M":true}
{"e":"trade","E":1702970635669,"s":"BTCUSDT","t":3327793599,"p":"42990.65000000","q":"0.00307000","b":23816919122,"a":23816919274,"T":1702970635668,"m":true,"M":true}
{"e":"trade","E":1702970635985,"s":"BTCUSDT","t":3327793600,"p":"42990.65000000","q":"0.00976000","b":23816919122,"a":23816919286,"T":1702970635984,"m":true,"M":true}
{"e":"trade","E":1702970636675,"s":"BTCUSDT","t":3327793603,"p":"42990.65000000","q":"0.02000000","b":23816919122,"a":23816919307,"T":1702970636674,"m":true,"M":true}
{"e":"trade","E":1702970636907,"s":"BTCUSDT","t":3327793604,"p":"42990.65000000","q":"0.11643000","b":23816919122,"a":23816919313,"T":1702970636906,"m":true,"M":true}
{"e":"trade","E":1702970636907,"s":"BTCUSDT","t":3327793605,"p":"42990.65000000","q":"0.10000000","b":23816919123,"a":23816919313,"T":1702970636906,"m":true,"M":true}
{"e":"trade","E":1702970636907,"s":"BTCUSDT","t":3327793606,"p":"42990.65000000","q":"0.04692000","b":23816919124,"a":23816919313,"T":1702970636906,"m":true,"M":true}
{"e":"trade","E":1702970638264,"s":"BTCUSDT","t":3327793611,"p":"42990.65000000","q":"0.00020000","b":23816919124,"a":23816919362,"T":1702970638263,"m":true,"M":true}
{"e":"trade","E":1702970638286,"s":"BTCUSDT","t":3327793612,"p":"42990.65000000","q":"0.00037000","b":23816919124,"a":23816919363,"T":1702970638285,"m":true,"M":true}
{"e":"trade","E":1702970638710,"s":"BTCUSDT","t":3327793613,"p":"42990.65000000","q":"0.04165000","b":23816919124,"a":23816919373,"T":1702970638704,"m":true,"M":true}
{"e":"trade","E":1702970638710,"s":"BTCUSDT","t":3327793614,"p":"42990.65000000","q":"0.25000000","b":23816919125,"a":23816919373,"T":1702970638704,"m":true,"M":true}
{"e":"trade","E":1702970638710,"s":"BTCUSDT","t":3327793615,"p":"42990.65000000","q":"0.08225000","b":23816919126,"a":23816919373,"T":1702970638704,"m":true,"M":true}
{"e":"trade","E":1702970638710,"s":"BTCUSDT","t":3327793616,"p":"42990.65000000","q":"0.00100000","b":23816919127,"a":23816919373,"T":1702970638704,"m":true,"M":true}
{"e":"trade","E":1702970638710,"s":"BTCUSDT","t":3327793617,"p":"42990.65000000","q":"0.60000000","b":23816919128,"a":23816919373,"T":1702970638704,"m":true,"M":true}
{"e":"trade","E":1702970638710,"s":"BTCUSDT","t":3327793618,"p":"42990.65000000","q":"1.22666000","b":23816919133,"a":23816919373,"T":1702970638704,"m":true,"M":true}
{"e":"trade","E":1702970638710,"s":"BTCUSDT","t":3327793619,"p":"42990.65000000","q":"0.83298000","b":23816919133,"a":23816919374,"T":1702970638705,"m":true,"M":true}
{"e":"trade","E":1702970638710,"s":"BTCUSDT","t":3327793620,"p":"42990.65000000","q":"0.12882000","b":23816919134,"a":23816919374,"T":1702970638705,"m":true,"M":true}
{"e":"trade","E":1702970638710,"s":"BTCUSDT","t":3327793621,"p":"42990.65000000","q":"0.20000000","b":23816919135,"a":23816919374,"T":1702970638705,"m":true,"M":true}
{"e":"trade","E":1702970638710,"s":"BTCUSDT","t":3327793622,"p":"42990.65000000","q":"0.27188000","b":23816919138,"a":23816919374,"T":1702970638705,"m":true,"M":true}
{"e":"trade","E":1702970638904,"s":"BTCUSDT","t":3327793623,"p":"42990.65000000","q":"0.00349000","b":23816919146,"a":23816919550,"T":1702970638873,"m":true,"M":true}
{"e":"trade","E":1702970638904,"s":"BTCUSDT","t":3327793624,"p":"42990.65000000","q":"0.00349000","b":23816919148,"a":23816919550,"T":1702970638873,"m":true,"M":true}
{"e":"trade","E":1702970638904,"s":"BTCUSDT","t":3327793625,"p":"42990.65000000","q":"0.00034000","b":23816919153,"a":23816919550,"T":1702970638873,"m":true,"M":true}
{"e":"trade","E":1702970638904,"s":"BTCUSDT","t":3327793626,"p":"42990.65000000","q":"0.01268000","b":23816919210,"a":23816919550,"T":1702970638873,"m":true,"M":true}
{"e":"trade","E":1702970638911,"s":"BTCUSDT","t":3327793627,"p":"42990.65000000","q":"0.00016000","b":23816919210,"a":23816919558,"T":1702970638886,"m":true,"M":true}
{"e":"trade","E":1702970638911,"s":"BTCUSDT","t":3327793628,"p":"42990.65000000","q":"0.00016000","b":23816919210,"a":23816919559,"T":1702970638887,"m":true,"M":true}
{"e":"trade","E":1702970638921,"s":"BTCUSDT","t":3327793629,"p":"42990.65000000","q":"0.00869000","b":23816919210,"a":23816919563,"T":1702970638904,"m":true,"M":true}
{"e":"trade","E":1702970638921,"s":"BTCUSDT","t":3327793630,"p":"42990.65000000","q":"0.16264000","b":23816919216,"a":23816919563,"T":1702970638904,"m":true,"M":true}
{"e":"trade","E":1702970638921,"s":"BTCUSDT","t":3327793631,"p":"42990.65000000","q":"0.00052000","b":23816919269,"a":23816919563,"T":1702970638904,"m":true,"M":true}
{"e":"trade","E":1702970638921,"s":"BTCUSDT","t":3327793632,"p":"42990.65000000","q":"0.00220000","b":23816919466,"a":23816919563,"T":1702970638904,"m":true,"M":true}
{"e":"trade","E":1702970638921,"s":"BTCUSDT","t":3327793633,"p":"42990.65000000","q":"0.00034000","b":23816919469,"a":23816919563,"T":1702970638904,"m":true,"M":true}
{"e":"trade","E":1702970638921,"s":"BTCUSDT","t":3327793634,"p":"42990.59000000","q":"0.00042000","b":23816919302,"a":23816919563,"T":1702970638904,"m":true,"M":true}
{"e":"trade","E":1702970638921,"s":"BTCUSDT","t":3327793635,"p":"42990.53000000","q":"0.00933000","b":23816918942,"a":23816919563,"T":1702970638904,"m":true,"M":true}
{"e":"trade","E":1702970638921,"s":"BTCUSDT","t":3327793636,"p":"42990.53000000","q":"0.00031000","b":23816918942,"a":23816919563,"T":1702970638904,"m":true,"M":true}
{"e":"trade","E":1702970638948,"s":"BTCUSDT","t":3327793637,"p":"42990.52000000","q":"0.00265000","b":23816917480,"a":23816919654,"T":1702970638933,"m":true,"M":true}
{"e":"trade","E":1702970638951,"s":"BTCUSDT","t":3327793638,"p":"42990.52000000","q":"0.00360000","b":23816917480,"a":23816919661,"T":1702970638938,"m":true,"M":true}
{"e":"trade","E":1702970638958,"s":"BTCUSDT","t":3327793639,"p":"42990.52000000","q":"0.00835000","b":23816917480,"a":23816919666,"T":1702970638949,"m":true,"M":true}
{"e":"trade","E":1702970638972,"s":"BTCUSDT","t":3327793641,"p":"42990.52000000","q":"0.00727000","b":23816917480,"a":23816919697,"T":1702970638971,"m":true,"M":true}
{"e":"trade","E":1702970639021,"s":"BTCUSDT","t":3327793642,"p":"42990.52000000","q":"0.00034000","b":23816918087,"a":23816919723,"T":1702970639020,"m":true,"M":true}
{"e":"trade","E":1702970639021,"s":"BTCUSDT","t":3327793643,"p":"42990.52000000","q":"0.00334000","b":23816918149,"a":23816919723,"T":1702970639020,"m":true,"M":true}
{"e":"trade","E":1702970639334,"s":"BTCUSDT","t":3327793644,"p":"42990.52000000","q":"0.00032000","b":23816918149,"a":23816919793,"T":1702970639333,"m":true,"M":true}
{"e":"trade","E":1702970639532,"s":"BTCUSDT","t":3327793645,"p":"42990.52000000","q":"0.00013000","b":23816918149,"a":23816919821,"T":1702970639531,"m":true,"M":true}
{"e":"trade","E":1702970639981,"s":"BTCUSDT","t":3327793647,"p":"42990.52000000","q":"0.00202000","b":23816918149,"a":23816919855,"T":1702970639981,"m":true,"M":true}
{"e":"trade","E":1702970639981,"s":"BTCUSDT","t":3327793648,"p":"42990.52000000","q":"0.00043000","b":23816918149,"a":23816919856,"T":1702970639981,"m":true,"M":true}
{"e":"trade","E":1702970639982,"s":"BTCUSDT","t":3327793649,"p":"42990.52000000","q":"0.00061000","b":23816918149,"a":23816919857,"T":1702970639981,"m":true,"M":true}
{"e":"trade","E":1702970639982,"s":"BTCUSDT","t":3327793650,"p":"42990.52000000","q":"0.00145000","b":23816918149,"a":23816919858,"T":1702970639981,"m":true,"M":true}
{"e":"trade","E":1702970639987,"s":"BTCUSDT","t":3327793657,"p":"42990.52000000","q":"0.00144000","b":23816918149,"a":23816919866,"T":1702970639986,"m":true,"M":true}
{"e":"trade","E":1702970639987,"s":"BTCUSDT","t":3327793658,"p":"42990.52000000","q":"0.00064000","b":23816918149,"a":23816919867,"T":1702970639986,"m":true,"M":true}
{"e":"trade","E":1702970639988,"s":"BTCUSDT","t":3327793661,"p":"42990.52000000","q":"0.00167000","b":23816918149,"a":23816919870,"T":1702970639987,"m":true,"M":true}
{"e":"trade","E":1702970639988,"s":"BTCUSDT","t":3327793662,"p":"42990.52000000","q":"0.00209000","b":23816918149,"a":23816919871,"T":1702970639988,"m":true,"M":true}
{"e":"trade","E":1702970639989,"s":"BTCUSDT","t":3327793663,"p":"42990.52000000","q":"0.00233000","b":23816918149,"a":23816919872,"T":1702970639988,"m":true,"M":true}
{"e":"trade","E":1702970639995,"s":"BTCUSDT","t":3327793669,"p":"42990.52000000","q":"0.00231000","b":23816918149,"a":23816919879,"T":1702970639995,"m":true,"M":true}
{"e":"trade","E":1702970639996,"s":"BTCUSDT","t":3327793671,"p":"42990.52000000","q":"0.00248000","b":23816918149,"a":23816919881,"T":1702970639996,"m":true,"M":true}
{"e":"trade","E":1702970639999,"s":"BTCUSDT","t":3327793674,"p":"42990.52000000","q":"0.00166000","b":23816918149,"a":23816919884,"T":1702970639999,"m":true,"M":true}
{"e":"trade","E":1702970640004,"s":"BTCUSDT","t":3327793676,"p":"42990.52000000","q":"0.00032000","b":23816918149,"a":23816919886,"T":1702970640004,"m":true,"M":true}
{"e":"trade","E":1702970640004,"s":"BTCUSDT","t":3327793677,"p":"42990.52000000","q":"0.00029000","b":23816918218,"a":23816919886,"T":1702970640004,"m":true,"M":true}
{"e":"trade","E":1702970640004,"s":"BTCUSDT","t":3327793678,"p":"42990.52000000","q":"0.00039000","b":23816918531,"a":23816919886,"T":1702970640004,"m":true,"M":true}
{"e":"trade","E":1702970640005,"s":"BTCUSDT","t":3327793679,"p":"42990.52000000","q":"0.00142000","b":23816918531,"a":23816919887,"T":1702970640005,"m":true,"M":true}
{"e":"trade","E":1702970640006,"s":"BTCUSDT","t":3327793680,"p":"42990.52000000","q":"0.00190000","b":23816918531,"a":23816919888,"T":1702970640005,"m":true,"M":true}
{"e":"trade","E":1702970640006,"s":"BTCUSDT","t":3327793681,"p":"42990.52000000","q":"0.00129000","b":23816918531,"a":23816919889,"T":1702970640006,"m":true,"M":true}
{"e":"trade","E":1702970640006,"s":"BTCUSDT","t":3327793682,"p":"42990.52000000","q":"0.00029000","b":23816918556,"a":23816919889,"T":1702970640006,"m":true,"M":true}
{"e":"trade","E":1702970640006,"s":"BTCUSDT","t":3327793683,"p":"42990.52000000","q":"0.00051000","b":23816918575,"a":23816919889,"T":1702970640006,"m":true,"M":true}
{"e":"trade","E":1702970640007,"s":"BTCUSDT","t":3327793684,"p":"42990.52000000","q":"0.00033000","b":23816918575,"a":23816919890,"T":1702970640006,"m":true,"M":true}
{"e":"trade","E":1702970640008,"s":"BTCUSDT","t":3327793685,"p":"42990.52000000","q":"0.00054000","b":23816918575,"a":23816919891,"T":1702970640007,"m":true,"M":true}
{"e":"trade","E":1702970640008,"s":"BTCUSDT","t":3327793686,"p":"42990.52000000","q":"0.00166000","b":23816918575,"a":23816919892,"T":1702970640007,"m":true,"M":true}
{"e":"trade","E":1702970640008,"s":"BTCUSDT","t":3327793688,"p":"42990.52000000","q":"0.00117000","b":23816918575,"a":23816919894,"T":1702970640008,"m":true,"M":true}
{"e":"trade","E":1702970640009,"s":"BTCUSDT","t":3327793691,"p":"42990.52000000","q":"0.00079000","b":23816918575,"a":23816919897,"T":1702970640008,"m":true,"M":true}
{"e":"trade","E":1702970640011,"s":"BTCUSDT","t":3327793695,"p":"42990.52000000","q":"0.00172000","b":23816918575,"a":23816919901,"T":1702970640010,"m":true,"M":true}
{"e":"trade","E":1702970640011,"s":"BTCUSDT","t":3327793696,"p":"42990.52000000","q":"0.00183000","b":23816918575,"a":23816919902,"T":1702970640011,"m":true,"M":true}
{"e":"trade","E":1702970640012,"s":"BTCUSDT","t":3327793697,"p":"42990.52000000","q":"0.00233000","b":23816918575,"a":23816919903,"T":1702970640011,"m":true,"M":true}
{"e":"trade","E":1702970640012,"s":"BTCUSDT","t":3327793699,"p":"42990.52000000","q":"0.00184000","b":23816918575,"a":23816919905,"T":1702970640011,"m":true,"M":true}
{"e":"trade","E":1702970640013,"s":"BTCUSDT","t":3327793701,"p":"42990.52000000","q":"0.00069000","b":23816918575,"a":23816919908,"T":1702970640012,"m":true,"M":true}
{"e":"trade","E":1702970640013,"s":"BTCUSDT","t":3327793702,"p":"42990.52000000","q":"0.00183000","b":23816918575,"a":23816919909,"T":1702970640013,"m":true,"M":true}
{"e":"trade","E":1702970640014,"s":"BTCUSDT","t":3327793703,"p":"42990.52000000","q":"0.00119000","b":23816918575,"a":23816919911,"T":1702970640014,"m":true,"M":true}
{"e":"trade","E":1702970640026,"s":"BTCUSDT","t":3327793705,"p":"42990.52000000","q":"0.02942000","b":23816918575,"a":23816919916,"T":1702970640026,"m":true,"M":true}
{"e":"trade","E":1702970640026,"s":"BTCUSDT","t":3327793706,"p":"42990.52000000","q":"0.00727000","b":23816918638,"a":23816919916,"T":1702970640026,"m":true,"M":true}
{"e":"trade","E":1702970640026,"s":"BTCUSDT","t":3327793707,"p":"42990.52000000","q":"0.00916000","b":23816918700,"a":23816919916,"T":1702970640026,"m":true,"M":true}
{"e":"trade","E":1702970640620,"s":"BTCUSDT","t":3327793709,"p":"42990.52000000","q":"0.00034000","b":23816918766,"a":23816920109,"T":1702970640618,"m":true,"M":true}
{"e":"trade","E":1702970640620,"s":"BTCUSDT","t":3327793710,"p":"42990.52000000","q":"0.00238000","b":23816918849,"a":23816920109,"T":1702970640618,"m":true,"M":true}
{"e":"trade","E":1702970640714,"s":"BTCUSDT","t":3327793724,"p":"42990.99000000","q":"0.00034000","b":23816920168,"a":23816920195,"T":1702970640713,"m":true,"M":true}
{"e":"trade","E":1702970641067,"s":"BTCUSDT","t":3327793726,"p":"42990.99000000","q":"0.02000000","b":23816920168,"a":23816920330,"T":1702970641066,"m":true,"M":true}
{"e":"trade","E":1702970641245,"s":"BTCUSDT","t":3327793727,"p":"42990.99000000","q":"0.04652000","b":23816920168,"a":23816920369,"T":1702970641243,"m":true,"M":true}
{"e":"trade","E":1702970641565,"s":"BTCUSDT","t":3327793728,"p":"42990.99000000","q":"0.21356000","b":23816920168,"a":23816920439,"T":1702970641564,"m":true,"M":true}
{"e":"trade","E":1702970641858,"s":"BTCUSDT","t":3327793730,"p":"42990.99000000","q":"0.00053000","b":23816920168,"a":23816920485,"T":1702970641858,"m":true,"M":true}
{"e":"trade","E":1702970642010,"s":"BTCUSDT","t":3327793732,"p":"42990.99000000","q":"0.00866000","b":23816920168,"a":23816920513,"T":1702970642009,"m":true,"M":true}
{"e":"trade","E":1702970642238,"s":"BTCUSDT","t":3327793733,"p":"42990.99000000","q":"0.00052000","b":23816920168,"a":23816920528,"T":1702970642237,"m":true,"M":true}
{"e":"trade","E":1702970642283,"s":"BTCUSDT","t":3327793734,"p":"42990.99000000","q":"0.00060000","b":23816920168,"a":23816920537,"T":1702970642282,"m":true,"M":true}
{"e":"trade","E":1702970642446,"s":"BTCUSDT","t":3327793735,"p":"42990.99000000","q":"0.00986000","b":23816920168,"a":23816920549,"T":1702970642446,"m":true,"M":true}
{"e":"trade","E":1702970642493,"s":"BTCUSDT","t":3327793736,"p":"42990.99000000","q":"0.01430000","b":23816920168,"a":23816920554,"T":1702970642492,"m":true,"M":true}
{"e":"trade","E":1702970642554,"s":"BTCUSDT","t":3327793737,"p":"42990.99000000","q":"0.00020000","b":23816920168,"a":23816920564,"T":1702970642553,"m":true,"M":true}
{"e":"trade","E":1702970643237,"s":"BTCUSDT","t":3327793738,"p":"42990.99000000","q":"0.02000000","b":23816920168,"a":23816920685,"T":1702970643237,"m":true,"M":true}
{"e":"trade","E":1702970643283,"s":"BTCUSDT","t":3327793739,"p":"42990.99000000","q":"0.04653000","b":23816920168,"a":23816920691,"T":1702970643282,"m":true,"M":true}
{"e":"trade","E":1702970645082,"s":"BTCUSDT","t":3327793747,"p":"42990.99000000","q":"0.00037000","b":23816920168,"a":23816920903,"T":1702970645082,"m":true,"M":true}
{"e":"trade","E":1702970645135,"s":"BTCUSDT","t":3327793748,"p":"42990.99000000","q":"0.00023000","b":23816920168,"a":23816920906,"T":1702970645130,"m":true,"M":true}
{"e":"trade","E":1702970645154,"s":"BTCUSDT","t":3327793749,"p":"42990.99000000","q":"0.00051000","b":23816920168,"a":23816920907,"T":1702970645153,"m":true,"M":true}
{"e":"trade","E":1702970645405,"s":"BTCUSDT","t":3327793750,"p":"42990.99000000","q":"0.02000000","b":23816920168,"a":23816920925,"T":1702970645404,"m":true,"M":true}
{"e":"trade","E":1702970645456,"s":"BTCUSDT","t":3327793751,"p":"42990.99000000","q":"0.00064000","b":23816920168,"a":23816920930,"T":1702970645455,"m":true,"M":true}
{"e":"trade","E":1702970645590,"s":"BTCUSDT","t":3327793752,"p":"42990.99000000","q":"0.00666000","b":23816920168,"a":23816920942,"T":1702970645590,"m":true,"M":true}
{"e":"trade","E":1702970646654,"s":"BTCUSDT","t":3327793772,"p":"42992.08000000","q":"0.00233000","b":23816921193,"a":23816921317,"T":1702970646654,"m":true,"M":true}
{"e":"trade","E":1702970646764,"s":"BTCUSDT","t":3327793774,"p":"42992.08000000","q":"0.00104000","b":23816921193,"a":23816921334,"T":1702970646763,"m":true,"M":true}
{"e":"trade","E":1702970646905,"s":"BTCUSDT","t":3327793775,"p":"42992.08000000","q":"0.15334000","b":23816921193,"a":23816921343,"T":1702970646905,"m":true,"M":true}
{"e":"trade","E":1702970647568,"s":"BTCUSDT","t":3327793793,"p":"42992.43000000","q":"0.02000000","b":23816921308,"a":23816921462,"T":1702970647568,"m":true,"M":true}
{"e":"trade","E":1702970648187,"s":"BTCUSDT","t":3327793796,"p":"42992.43000000","q":"0.00034000","b":23816921308,"a":23816921534,"T":1702970648187,"m":true,"M":true}
{"e":"trade","E":1702970648291,"s":"BTCUSDT","t":3327793797,"p":"42992.43000000","q":"0.00020000","b":23816921308,"a":23816921539,"T":1702970648290,"m":true,"M":true}
{"e":"trade","E":1702970649753,"s":"BTCUSDT","t":3327793806,"p":"42993.13000000","q":"0.00875000","b":23816921630,"a":23816921631,"T":1702970649729,"m":true,"M":true}
{"e":"trade","E":1702970649753,"s":"BTCUSDT","t":3327793807,"p":"42992.94000000","q":"0.01125000","b":23816921150,"a":23816921631,"T":1702970649729,"m":true,"M":true}
{"e":"trade","E":1702970649933,"s":"BTCUSDT","t":3327793818,"p":"42997.08000000","q":"0.02638000","b":23816921910,"a":23816922038,"T":1702970649920,"m":true,"M":true}
{"e":"trade","E":1702970649981,"s":"BTCUSDT","t":3327793819,"p":"42997.40000000","q":"0.00023000","b":23816922140,"a":23816922232,"T":1702970649979,"m":true,"M":true}
{"e":"trade","E":1702970649995,"s":"BTCUSDT","t":3327793820,"p":"42997.40000000","q":"0.00023000","b":23816922140,"a":23816922244,"T":1702970649994,"m":true,"M":true}
{"e":"trade","E":1702970650023,"s":"BTCUSDT","t":3327793821,"p":"42997.40000000","q":"0.00020000","b":23816922140,"a":23816922260,"T":1702970650022,"m":true,"M":true}
{"e":"trade","E":1702970650051,"s":"BTCUSDT","t":3327793822,"p":"42997.40000000","q":"0.00020000","b":23816922140,"a":23816922300,"T":1702970650049,"m":true,"M":true}
{"e":"trade","E":1702970650077,"s":"BTCUSDT","t":3327793823,"p":"42997.40000000","q":"0.00020000","b":23816922140,"a":23816922319,"T":1702970650076,"m":true,"M":true}
{"e":"trade","E":1702970650100,"s":"BTCUSDT","t":3327793825,"p":"42997.40000000","q":"0.00020000","b":23816922140,"a":23816922328,"T":1702970650099,"m":true,"M":true}
{"e":"trade","E":1702970650125,"s":"BTCUSDT","t":3327793826,"p":"42997.40000000","q":"0.00020000","b":23816922140,"a":23816922337,"T":1702970650124,"m":true,"M":true}
{"e":"trade","E":1702970650170,"s":"BTCUSDT","t":3327793827,"p":"42997.40000000","q":"0.06992000","b":23816922140,"a":23816922349,"T":1702970650169,"m":true,"M":true}
{"e":"trade","E":1702970650287,"s":"BTCUSDT","t":3327793828,"p":"42997.40000000","q":"0.00209000","b":23816922140,"a":23816922374,"T":1702970650286,"m":true,"M":true}
{"e":"trade","E":1702970650351,"s":"BTCUSDT","t":3327793829,"p":"42997.40000000","q":"0.01653000","b":23816922140,"a":23816922378,"T":1702970650350,"m":true,"M":true}
{"e":"trade","E":1702970650351,"s":"BTCUSDT","t":3327793830,"p":"42997.40000000","q":"0.02287000","b":23816922156,"a":23816922378,"T":1702970650350,"m":true,"M":true}
{"e":"trade","E":1702970650420,"s":"BTCUSDT","t":3327793831,"p":"42997.40000000","q":"0.00028000","b":23816922156,"a":23816922392,"T":1702970650419,"m":true,"M":true}
{"e":"trade","E":1702970650741,"s":"BTCUSDT","t":3327793833,"p":"42997.40000000","q":"0.03218000","b":23816922156,"a":23816922511,"T":1702970650740,"m":true,"M":true}
{"e":"trade","E":1702970651562,"s":"BTCUSDT","t":3327793834,"p":"42997.40000000","q":"0.00161000","b":23816922156,"a":23816922657,"T":1702970651561,"m":true,"M":true}
{"e":"trade","E":1702970651644,"s":"BTCUSDT","t":3327793835,"p":"42997.40000000","q":"0.05306000","b":23816922156,"a":23816922666,"T":1702970651643,"m":true,"M":true}
{"e":"trade","E":1702970651644,"s":"BTCUSDT","t":3327793836,"p":"42997.40000000","q":"0.35000000","b":23816922157,"a":23816922666,"T":1702970651643,"m":true,"M":true}
{"e":"trade","E":1702970651644,"s":"BTCUSDT","t":3327793837,"p":"42997.40000000","q":"0.59694000","b":23816922176,"a":23816922666,"T":1702970651643,"m":true,"M":true}
{"e":"trade","E":1702970651889,"s":"BTCUSDT","t":3327793838,"p":"42997.40000000","q":"0.00286000","b":23816922176,"a":23816922696,"T":1702970651888,"m":true,"M":true}
{"e":"trade","E":1702970651903,"s":"BTCUSDT","t":3327793839,"p":"42997.40000000","q":"0.00020000","b":23816922176,"a":23816922698,"T":1702970651903,"m":true,"M":true}
{"e":"trade","E":1702970651903,"s":"BTCUSDT","t":3327793840,"p":"42997.40000000","q":"0.01980000","b":23816922177,"a":23816922698,"T":1702970651903,"m":true,"M":true}
{"e":"trade","E":1702970652333,"s":"BTCUSDT","t":3327793841,"p":"42997.40000000","q":"0.02567000","b":23816922177,"a":23816922727,"T":1702970652332,"m":true,"M":true}
{"e":"trade","E":1702970652616,"s":"BTCUSDT","t":3327793844,"p":"42997.40000000","q":"0.00037000","b":23816922177,"a":23816922748,"T":1702970652615,"m":true,"M":true}
{"e":"trade","E":1702970652641,"s":"BTCUSDT","t":3327793845,"p":"42997.40000000","q":"0.00060000","b":23816922177,"a":23816922751,"T":1702970652641,"m":true,"M":true}
{"e":"trade","E":1702970653145,"s":"BTCUSDT","t":3327793846,"p":"42997.40000000","q":"0.00090000","b":23816922179,"a":23816922873,"T":1702970653144,"m":true,"M":true}
{"e":"trade","E":1702970654077,"s":"BTCUSDT","t":3327793848,"p":"42997.40000000","q":"0.02000000","b":23816922179,"a":23816922960,"T":1702970654076,"m":true,"M":true}
{"e":"trade","E":1702970656246,"s":"BTCUSDT","t":3327793851,"p":"42997.40000000","q":"0.02000000","b":23816922179,"a":23816923040,"T":1702970656245,"m":true,"M":true}
{"e":"trade","E":1702970658418,"s":"BTCUSDT","t":3327793856,"p":"42997.40000000","q":"0.02000000","b":23816922179,"a":23816923114,"T":1702970658417,"m":true,"M":true}
{"e":"trade","E":1702970659454,"s":"BTCUSDT","t":3327793857,"p":"42997.40000000","q":"0.00227000","b":23816922179,"a":23816923166,"T":1702970659453,"m":true,"M":true}
{"e":"trade","E":1702970659531,"s":"BTCUSDT","t":3327793858,"p":"42997.40000000","q":"0.01045000","b":23816922179,"a":23816923171,"T":1702970659530,"m":true,"M":true}
{"e":"trade","E":1702970659696,"s":"BTCUSDT","t":3327793860,"p":"42997.40000000","q":"0.00848000","b":23816922179,"a":23816923187,"T":1702970659695,"m":true,"M":true}
{"e":"trade","E":1702970659882,"s":"BTCUSDT","t":3327793861,"p":"42997.40000000","q":"0.00352000","b":23816922179,"a":23816923212,"T":1702970659882,"m":true,"M":true}
{"e":"trade","E":1702970660580,"s":"BTCUSDT","t":3327793864,"p":"42997.40000000","q":"0.02000000","b":23816922179,"a":23816923255,"T":1702970660579,"m":true,"M":true}
{"e":"trade","E":1702970661678,"s":"BTCUSDT","t":3327793867,"p":"42997.40000000","q":"0.00027000","b":23816922179,"a":23816923294,"T":1702970661677,"m":true,"M":true}
{"e":"trade","E":1702970662743,"s":"BTCUSDT","t":3327793870,"p":"42997.40000000","q":"0.01034000","b":23816922179,"a":23816923586,"T":1702970662741,"m":true,"M":true}
{"e":"trade","E":1702970662743,"s":"BTCUSDT","t":3327793871,"p":"42997.40000000","q":"0.00034000","b":23816922215,"a":23816923586,"T":1702970662741,"m":true,"M":true}
{"e":"trade","E":1702970662743,"s":"BTCUSDT","t":3327793872,"p":"42997.40000000","q":"0.00932000","b":23816922252,"a":23816923586,"T":1702970662741,"m":true,"M":true}
{"e":"trade","E":1702970662996,"s":"BTCUSDT","t":3327793875,"p":"42997.40000000","q":"0.00033000","b":23816922295,"a":23816923621,"T":1702970662995,"m":true,"M":true}
{"e":"trade","E":1702970664088,"s":"BTCUSDT","t":3327793877,"p":"42997.40000000","q":"0.00295000","b":23816922295,"a":23816923702,"T":1702970664087,"m":true,"M":true}
{"e":"trade","E":1702970664088,"s":"BTCUSDT","t":3327793878,"p":"42997.40000000","q":"0.00595000","b":23816922316,"a":23816923702,"T":1702970664087,"m":true,"M":true}
{"e":"trade","E":1702970664371,"s":"BTCUSDT","t":3327793921,"p":"43000.00000000","q":"0.00160000","b":23816854683,"a":23816903007,"T":1702970664330,"m":true,"M":true}
{"e":"trade","E":1702970664442,"s":"BTCUSDT","t":3327793923,"p":"43000.41000000","q":"0.12099000","b":23816924230,"a":23816924232,"T":1702970664390,"m":true,"M":true}
{"e":"trade","E":1702970664494,"s":"BTCUSDT","t":3327793924,"p":"43000.41000000","q":"0.12651000","b":23816924244,"a":23816924344,"T":1702970664450,"m":true,"M":true}
{"e":"trade","E":1702970664545,"s":"BTCUSDT","t":3327793929,"p":"43001.09000000","q":"0.00174000","b":23816924347,"a":23816924505,"T":1702970664522,"m":true,"M":true}
{"e":"trade","E":1702970664545,"s":"BTCUSDT","t":3327793930,"p":"43001.09000000","q":"0.04298000","b":23816924348,"a":23816924505,"T":1702970664522,"m":true,"M":true}
{"e":"trade","E":1702970664650,"s":"BTCUSDT","t":3327793932,"p":"43001.09000000","q":"0.01435000","b":23816924348,"a":23816924611,"T":1702970664646,"m":true,"M":true}
{"e":"trade","E":1702970664897,"s":"BTCUSDT","t":3327793936,"p":"43001.09000000","q":"0.02000000","b":23816924348,"a":23816924662,"T":1702970664896,"m":true,"M":true}
{"e":"trade","E":1702970665610,"s":"BTCUSDT","t":3327793937,"p":"43001.09000000","q":"0.00307000","b":23816924348,"a":23816924711,"T":1702970665609,"m":true,"M":true}
{"e":"trade","E":1702970665664,"s":"BTCUSDT","t":3327793938,"p":"43001.09000000","q":"0.10000000","b":23816924348,"a":23816924715,"T":1702970665664,"m":true,"M":true}
{"e":"trade","E":1702970665764,"s":"BTCUSDT","t":3327793939,"p":"43001.09000000","q":"0.01372000","b":23816924348,"a":23816924729,"T":1702970665763,"m":true,"M":true}
{"e":"trade","E":1702970665985,"s":"BTCUSDT","t":3327793941,"p":"43001.09000000","q":"0.00727000","b":23816924348,"a":23816924760,"T":1702970665984,"m":true,"M":true}
{"e":"trade","E":1702970666261,"s":"BTCUSDT","t":3327793983,"p":"43007.16000000","q":"0.00034000","b":23816924875,"a":23816925012,"T":1702970666157,"m":true,"M":true}
{"e":"trade","E":1702970666338,"s":"BTCUSDT","t":3327793984,"p":"43007.16000000","q":"0.00022000","b":23816924875,"a":23816925115,"T":1702970666236,"m":true,"M":true}
{"e":"trade","E":1702970666394,"s":"BTCUSDT","t":3327793985,"p":"43007.16000000","q":"0.03020000","b":23816924875,"a":23816925180,"T":1702970666291,"m":true,"M":true}
{"e":"trade","E":1702970666414,"s":"BTCUSDT","t":3327793986,"p":"43007.16000000","q":"0.00181000","b":23816924875,"a":23816925195,"T":1702970666322,"m":true,"M":true}
{"e":"trade","E":1702970666467,"s":"BTCUSDT","t":3327793987,"p":"43007.16000000","q":"0.00042000","b":23816924875,"a":23816925267,"T":1702970666393,"m":true,"M":true}
{"e":"trade","E":1702970666513,"s":"BTCUSDT","t":3327793988,"p":"43007.16000000","q":"0.04483000","b":23816924875,"a":23816925293,"T":1702970666456,"m":true,"M":true}
{"e":"trade","E":1702970666534,"s":"BTCUSDT","t":3327793989,"p":"43007.16000000","q":"0.03150000","b":23816924875,"a":23816925304,"T":1702970666483,"m":true,"M":true}
{"e":"trade","E":1702970666882,"s":"BTCUSDT","t":3327793992,"p":"43007.46000000","q":"0.00018000","b":23816925379,"a":23816925493,"T":1702970666881,"m":true,"M":true}
{"e":"trade","E":1702970666910,"s":"BTCUSDT","t":3327793993,"p":"43007.46000000","q":"0.02471000","b":23816925379,"a":23816925506,"T":1702970666909,"m":true,"M":true}
{"e":"trade","E":1702970667071,"s":"BTCUSDT","t":3327793994,"p":"43007.46000000","q":"0.00564000","b":23816925379,"a":23816925547,"T":1702970667069,"m":true,"M":true}
{"e":"trade","E":1702970667071,"s":"BTCUSDT","t":3327793995,"p":"43007.46000000","q":"0.01145000","b":23816925380,"a":23816925547,"T":1702970667069,"m":true,"M":true}
{"e":"trade","E":1702970667071,"s":"BTCUSDT","t":3327793996,"p":"43007.46000000","q":"0.00291000","b":23816925383,"a":23816925547,"T":1702970667069,"m":true,"M":true}
{"e":"trade","E":1702970667252,"s":"BTCUSDT","t":3327793998,"p":"43007.46000000","q":"0.02022000","b":23816925383,"a":23816925628,"T":1702970667251,"m":true,"M":true}
{"e":"trade","E":1702970667434,"s":"BTCUSDT","t":3327794000,"p":"43007.46000000","q":"0.01117000","b":23816925383,"a":23816925656,"T":1702970667433,"m":true,"M":true}
{"e":"trade","E":1702970667434,"s":"BTCUSDT","t":3327794001,"p":"43007.46000000","q":"0.03528000","b":23816925387,"a":23816925656,"T":1702970667433,"m":true,"M":true}
{"e":"trade","E":1702970667769,"s":"BTCUSDT","t":3327794002,"p":"43007.46000000","q":"0.00449000","b":23816925387,"a":23816925694,"T":1702970667769,"m":true,"M":true}
{"e":"trade","E":1702970668184,"s":"BTCUSDT","t":3327794003,"p":"43007.46000000","q":"0.00116000","b":23816925387,"a":23816925733,"T":1702970668183,"m":true,"M":true}
{"e":"trade","E":1702970669012,"s":"BTCUSDT","t":3327794007,"p":"43007.46000000","q":"0.00032000","b":23816925387,"a":23816925859,"T":1702970669011,"m":true,"M":true}
{"e":"trade","E":1702970669256,"s":"BTCUSDT","t":3327794008,"p":"43007.46000000","q":"0.02000000","b":23816925387,"a":23816925946,"T":1702970669256,"m":true,"M":true}
{"e":"trade","E":1702970670274,"s":"BTCUSDT","t":3327794009,"p":"43007.46000000","q":"0.00023000","b":23816925387,"a":23816926091,"T":1702970670273,"m":true,"M":true}
{"e":"trade","E":1702970670734,"s":"BTCUSDT","t":3327794010,"p":"43007.46000000","q":"0.00020000","b":23816925387,"a":23816926127,"T":1702970670733,"m":true,"M":true}
{"e":"trade","E":1702970670905,"s":"BTCUSDT","t":3327794011,"p":"43007.46000000","q":"0.00039000","b":23816925387,"a":23816926137,"T":1702970670905,"m":true,"M":true}
{"e":"trade","E":1702970671369,"s":"BTCUSDT","t":3327794013,"p":"43007.46000000","q":"0.00055000","b":23816925387,"a":23816926173,"T":1702970671368,"m":true,"M":true}
{"e":"trade","E":1702970671426,"s":"BTCUSDT","t":3327794014,"p":"43007.46000000","q":"0.02000000","b":23816925387,"a":23816926175,"T":1702970671425,"m":true,"M":true}
{"e":"trade","E":1702970671478,"s":"BTCUSDT","t":3327794015,"p":"43007.46000000","q":"0.00358000","b":23816925387,"a":23816926186,"T":1702970671478,"m":true,"M":true}
{"e":"trade","E":1702970672433,"s":"BTCUSDT","t":3327794018,"p":"43007.46000000","q":"0.00024000","b":23816925387,"a":23816926264,"T":1702970672433,"m":true,"M":true}
{"e":"trade","E":1702970672878,"s":"BTCUSDT","t":3327794019,"p":"43007.46000000","q":"0.08490000","b":23816925387,"a":23816926290,"T":1702970672877,"m":true,"M":true}
{"e":"trade","E":1702970672988,"s":"BTCUSDT","t":3327794020,"p":"43007.46000000","q":"0.00257000","b":23816925387,"a":23816926297,"T":1702970672987,"m":true,"M":true}
{"e":"trade","E":1702970673587,"s":"BTCUSDT","t":3327794022,"p":"43007.46000000","q":"0.02000000","b":23816925387,"a":23816926349,"T":1702970673586,"m":true,"M":true}
{"e":"trade","E":1702970673625,"s":"BTCUSDT","t":3327794023,"p":"43007.46000000","q":"0.00032000","b":23816925387,"a":23816926351,"T":1702970673625,"m":true,"M":true}
{"e":"trade","E":1702970674797,"s":"BTCUSDT","t":3327794025,"p":"43007.46000000","q":"0.00016000","b":23816925388,"a":23816926478,"T":1702970674796,"m":true,"M":true}
{"e":"trade","E":1702970674900,"s":"BTCUSDT","t":3327794026,"p":"43007.46000000","q":"0.05451000","b":23816925388,"a":23816926501,"T":1702970674899,"m":true,"M":true}
{"e":"trade","E":1702970675105,"s":"BTCUSDT","t":3327794030,"p":"43007.46000000","q":"0.02222000","b":23816925388,"a":23816926534,"T":1702970675104,"m":true,"M":true}
{"e":"trade","E":1702970675739,"s":"BTCUSDT","t":3327794032,"p":"43007.46000000","q":"0.02000000","b":23816925388,"a":23816926601,"T":1702970675738,"m":true,"M":true}
{"e":"trade","E":1702970676465,"s":"BTCUSDT","t":3327794037,"p":"43007.46000000","q":"0.00117000","b":23816925388,"a":23816926659,"T":1702970676464,"m":true,"M":true}
{"e":"trade","E":1702970676588,"s":"BTCUSDT","t":3327794038,"p":"43007.46000000","q":"0.00029000","b":23816925388,"a":23816926668,"T":1702970676587,"m":true,"M":true}
{"e":"trade","E":1702970677773,"s":"BTCUSDT","t":3327794062,"p":"43008.73000000","q":"0.00195000","b":23816926728,"a":23816926895,"T":1702970677772,"m":true,"M":true}
{"e":"trade","E":1702970677891,"s":"BTCUSDT","t":3327794064,"p":"43008.73000000","q":"0.02000000","b":23816926728,"a":23816926904,"T":1702970677891,"m":true,"M":true}
{"e":"trade","E":1702970678059,"s":"BTCUSDT","t":3327794065,"p":"43008.73000000","q":"0.00282000","b":23816926728,"a":23816926913,"T":1702970678058,"m":true,"M":true}
{"e":"trade","E":1702970678532,"s":"BTCUSDT","t":3327794069,"p":"43008.73000000","q":"0.03867000","b":23816926728,"a":23816926957,"T":1702970678531,"m":true,"M":true}
{"e":"trade","E":1702970679034,"s":"BTCUSDT","t":3327794070,"p":"43008.73000000","q":"0.00051000","b":23816926728,"a":23816926980,"T":1702970679033,"m":true,"M":true}
{"e":"trade","E":1702970679191,"s":"BTCUSDT","t":3327794072,"p":"43008.73000000","q":"0.04650000","b":23816926728,"a":23816926986,"T":1702970679190,"m":true,"M":true}
{"e":"trade","E":1702970679922,"s":"BTCUSDT","t":3327794076,"p":"43008.73000000","q":"0.00158000","b":23816926728,"a":23816927024,"T":1702970679921,"m":true,"M":true}
{"e":"trade","E":1702970680027,"s":"BTCUSDT","t":3327794077,"p":"43008.73000000","q":"0.02000000","b":23816926728,"a":23816927028,"T":1702970680027,"m":true,"M":true}
{"e":"trade","E":1702970680357,"s":"BTCUSDT","t":3327794078,"p":"43008.73000000","q":"0.00241000","b":23816926728,"a":23816927036,"T":1702970680356,"m":true,"M":true}
{"e":"trade","E":1702970681156,"s":"BTCUSDT","t":3327794081,"p":"43008.73000000","q":"0.00040000","b":23816926728,"a":23816927069,"T":1702970681155,"m":true,"M":true}
{"e":"trade","E":1702970681815,"s":"BTCUSDT","t":3327794088,"p":"43008.73000000","q":"0.00046000","b":23816926728,"a":23816927104,"T":1702970681814,"m":true,"M":true}
{"e":"trade","E":1702970681904,"s":"BTCUSDT","t":3327794089,"p":"43008.73000000","q":"0.00184000","b":23816926728,"a":23816927109,"T":1702970681903,"m":true,"M":true}
{"e":"trade","E":1702970681936,"s":"BTCUSDT","t":3327794091,"p":"43008.73000000","q":"0.00093000","b":23816926728,"a":23816927111,"T":1702970681936,"m":true,"M":true}
{"e":"trade","E":1702970682190,"s":"BTCUSDT","t":3327794092,"p":"43008.73000000","q":"0.02000000","b":23816926728,"a":23816927121,"T":1702970682189,"m":true,"M":true}
{"e":"trade","E":1702970682649,"s":"BTCUSDT","t":3327794094,"p":"43008.73000000","q":"0.00045000","b":23816926728,"a":23816927156,"T":1702970682648,"m":true,"M":true}
{"e":"trade","E":1702970683377,"s":"BTCUSDT","t":3327794095,"p":"43008.73000000","q":"0.00100000","b":23816926728,"a":23816927205,"T":1702970683366,"m":true,"M":true}
{"e":"trade","E":1702970683378,"s":"BTCUSDT","t":3327794096,"p":"43008.73000000","q":"0.00100000","b":23816926728,"a":23816927206,"T":1702970683367,"m":true,"M":true}
{"e":"trade","E":1702970683560,"s":"BTCUSDT","t":3327794097,"p":"43008.73000000","q":"0.00034000","b":23816926760,"a":23816927334,"T":1702970683555,"m":true,"M":true}
{"e":"trade","E":1702970683560,"s":"BTCUSDT","t":3327794098,"p":"43008.73000000","q":"0.00044000","b":23816926769,"a":23816927334,"T":1702970683555,"m":true,"M":true}
{"e":"trade","E":1702970683634,"s":"BTCUSDT","t":3327794099,"p":"43008.73000000","q":"0.00134000","b":23816926769,"a":23816927359,"T":1702970683634,"m":true,"M":true}
{"e":"trade","E":1702970684136,"s":"BTCUSDT","t":3327794100,"p":"43008.73000000","q":"0.00769000","b":23816926774,"a":23816927408,"T":1702970684135,"m":true,"M":true}
{"e":"trade","E":1702970684359,"s":"BTCUSDT","t":3327794101,"p":"43008.73000000","q":"0.02000000","b":23816926776,"a":23816927437,"T":1702970684359,"m":true,"M":true}
{"e":"trade","E":1702970685862,"s":"BTCUSDT","t":3327794105,"p":"43008.73000000","q":"0.00140000","b":23816926789,"a":23816927519,"T":1702970685862,"m":true,"M":true}
{"e":"trade","E":1702970685905,"s":"BTCUSDT","t":3327794106,"p":"43008.73000000","q":"0.00057000","b":23816926789,"a":23816927523,"T":1702970685905,"m":true,"M":true}
{"e":"trade","E":1702970686246,"s":"BTCUSDT","t":3327794107,"p":"43008.73000000","q":"0.04522000","b":23816926792,"a":23816927545,"T":1702970686245,"m":true,"M":true}
{"e":"trade","E":1702970686514,"s":"BTCUSDT","t":3327794109,"p":"43008.73000000","q":"0.02000000","b":23816926798,"a":23816927562,"T":1702970686513,"m":true,"M":true}
{"e":"trade","E":1702970687531,"s":"BTCUSDT","t":3327794114,"p":"43008.73000000","q":"0.00398000","b":23816926805,"a":23816927618,"T":1702970687530,"m":true,"M":true}
{"e":"trade","E":1702970688185,"s":"BTCUSDT","t":3327794117,"p":"43008.73000000","q":"0.00029000","b":23816926807,"a":23816927649,"T":1702970688183,"m":true,"M":true}
{"e":"trade","E":1702970688665,"s":"BTCUSDT","t":3327794119,"p":"43008.73000000","q":"0.00123000","b":23816926823,"a":23816927719,"T":1702970688665,"m":true,"M":true}
{"e":"trade","E":1702970688665,"s":"BTCUSDT","t":3327794120,"p":"43008.73000000","q":"0.00347000","b":23816926914,"a":23816927719,"T":1702970688665,"m":true,"M":true}
{"e":"trade","E":1702970688665,"s":"BTCUSDT","t":3327794121,"p":"43008.73000000","q":"0.01530000","b":23816926971,"a":23816927719,"T":1702970688665,"m":true,"M":true}
{"e":"trade","E":1702970688727,"s":"BTCUSDT","t":3327794122,"p":"43008.73000000","q":"0.00067000","b":23816926971,"a":23816927723,"T":1702970688727,"m":true,"M":true}
{"e":"trade","E":1702970688897,"s":"BTCUSDT","t":3327794123,"p":"43008.73000000","q":"0.02764000","b":23816926971,"a":23816927732,"T":1702970688897,"m":true,"M":true}
{"e":"trade","E":1702970689025,"s":"BTCUSDT","t":3327794124,"p":"43008.73000000","q":"0.06986000","b":23816926971,"a":23816927741,"T":1702970689023,"m":true,"M":true}
{"e":"trade","E":1702970689026,"s":"BTCUSDT","t":3327794125,"p":"43008.73000000","q":"0.03367000","b":23816926971,"a":23816927742,"T":1702970689023,"m":true,"M":true}
{"e":"trade","E":1702970689026,"s":"BTCUSDT","t":3327794126,"p":"43008.73000000","q":"0.02326000","b":23816927006,"a":23816927742,"T":1702970689023,"m":true,"M":true}
{"e":"trade","E":1702970689026,"s":"BTCUSDT","t":3327794127,"p":"43008.73000000","q":"0.00034000","b":23816927032,"a":23816927742,"T":1702970689023,"m":true,"M":true}
{"e":"trade","E":1702970689026,"s":"BTCUSDT","t":3327794128,"p":"43008.73000000","q":"0.00034000","b":23816927344,"a":23816927742,"T":1702970689023,"m":true,"M":true}
{"e":"trade","E":1702970689026,"s":"BTCUSDT","t":3327794129,"p":"43008.73000000","q":"0.13950000","b":23816927376,"a":23816927742,"T":1702970689023,"m":true,"M":true}
{"e":"trade","E":1702970689026,"s":"BTCUSDT","t":3327794130,"p":"43008.73000000","q":"0.00347000","b":23816927390,"a":23816927742,"T":1702970689023,"m":true,"M":true}
{"e":"trade","E":1702970689026,"s":"BTCUSDT","t":3327794131,"p":"43008.73000000","q":"0.13950000","b":23816927433,"a":23816927742,"T":1702970689023,"m":true,"M":true}
{"e":"trade","E":1702970689026,"s":"BTCUSDT","t":3327794132,"p":"43008.73000000","q":"0.13950000","b":23816927445,"a":23816927742,"T":1702970689023,"m":true,"M":true}
{"e":"trade","E":1702970689026,"s":"BTCUSDT","t":3327794133,"p":"43008.73000000","q":"0.01671000","b":23816927488,"a":23816927742,"T":1702970689023,"m":true,"M":true}
{"e":"trade","E":1702970689026,"s":"BTCUSDT","t":3327794134,"p":"43008.73000000","q":"0.13950000","b":23816927530,"a":23816927742,"T":1702970689023,"m":true,"M":true}
{"e":"trade","E":1702970689026,"s":"BTCUSDT","t":3327794135,"p":"43008.73000000","q":"0.13950000","b":23816927552,"a":23816927742,"T":1702970689023,"m":true,"M":true}
{"e":"trade","E":1702970689026,"s":"BTCUSDT","t":3327794136,"p":"43008.73000000","q":"0.13950000","b":23816927625,"a":23816927742,"T":1702970689023,"m":true,"M":true}
{"e":"trade","E":1702970689026,"s":"BTCUSDT","t":3327794137,"p":"43008.73000000","q":"0.13950000","b":23816927660,"a":23816927742,"T":1702970689023,"m":true,"M":true}
{"e":"trade","E":1702970689027,"s":"BTCUSDT","t":3327794138,"p":"43008.61000000","q":"0.00667000","b":23816926715,"a":23816927748,"T":1702970689024,"m":true,"M":true}
{"e":"trade","E":1702970689027,"s":"BTCUSDT","t":3327794139,"p":"43008.49000000","q":"0.00658000","b":23816926713,"a":23816927748,"T":1702970689024,"m":true,"M":true}
{"e":"trade","E":1702970689027,"s":"BTCUSDT","t":3327794140,"p":"43008.48000000","q":"0.45846000","b":23816926672,"a":23816927748,"T":1702970689024,"m":true,"M":true}
{"e":"trade","E":1702970689034,"s":"BTCUSDT","t":3327794141,"p":"43008.48000000","q":"0.00258000","b":23816926672,"a":23816927806,"T":1702970689028,"m":true,"M":true}
{"e":"trade","E":1702970689035,"s":"BTCUSDT","t":3327794142,"p":"43008.48000000","q":"0.00115000","b":23816926672,"a":23816927817,"T":1702970689028,"m":true,"M":true}
{"e":"trade","E":1702970689035,"s":"BTCUSDT","t":3327794143,"p":"43008.48000000","q":"0.00241000","b":23816926672,"a":23816927819,"T":1702970689028,"m":true,"M":true}
{"e":"trade","E":1702970689035,"s":"BTCUSDT","t":3327794144,"p":"43008.48000000","q":"0.00235000","b":23816926672,"a":23816927820,"T":1702970689028,"m":true,"M":true}
{"e":"trade","E":1702970689036,"s":"BTCUSDT","t":3327794145,"p":"43008.48000000","q":"0.00140000","b":23816926672,"a":23816927829,"T":1702970689029,"m":true,"M":true}
{"e":"trade","E":1702970689036,"s":"BTCUSDT","t":3327794146,"p":"43008.48000000","q":"0.00130000","b":23816926672,"a":23816927832,"T":1702970689029,"m":true,"M":true}
{"e":"trade","E":1702970689036,"s":"BTCUSDT","t":3327794147,"p":"43008.48000000","q":"0.00135000","b":23816926672,"a":23816927835,"T":1702970689029,"m":true,"M":true}
{"e":"trade","E":1702970689037,"s":"BTCUSDT","t":3327794148,"p":"43008.48000000","q":"0.00113000","b":23816926672,"a":23816927838,"T":1702970689029,"m":true,"M":true}
{"e":"trade","E":1702970689037,"s":"BTCUSDT","t":3327794149,"p":"43008.48000000","q":"0.00113000","b":23816926672,"a":23816927843,"T":1702970689029,"m":true,"M":true}
{"e":"trade","E":1702970689037,"s":"BTCUSDT","t":3327794150,"p":"43008.48000000","q":"0.00120000","b":23816926672,"a":23816927845,"T":1702970689029,"m":true,"M":true}
{"e":"trade","E":1702970689037,"s":"BTCUSDT","t":3327794151,"p":"43008.48000000","q":"0.00133000","b":23816926672,"a":23816927846,"T":1702970689029,"m":true,"M":true}
{"e":"trade","E":1702970689037,"s":"BTCUSDT","t":3327794152,"p":"43008.48000000","q":"0.00127000","b":23816926672,"a":23816927847,"T":1702970689029,"m":true,"M":true}
{"e":"trade","E":1702970689037,"s":"BTCUSDT","t":3327794153,"p":"43008.48000000","q":"0.00253000","b":23816926672,"a":23816927848,"T":1702970689029,"m":true,"M":true}
{"e":"trade","E":1702970689038,"s":"BTCUSDT","t":3327794154,"p":"43008.48000000","q":"0.00234000","b":23816926672,"a":23816927849,"T":1702970689030,"m":true,"M":true}
{"e":"trade","E":1702970689038,"s":"BTCUSDT","t":3327794155,"p":"43008.48000000","q":"0.00137000","b":23816926672,"a":23816927851,"T":1702970689030,"m":true,"M":true}
{"e":"trade","E":1702970689038,"s":"BTCUSDT","t":3327794156,"p":"43008.48000000","q":"0.00116000","b":23816926672,"a":23816927852,"T":1702970689030,"m":true,"M":true}
{"e":"trade","E":1702970689038,"s":"BTCUSDT","t":3327794157,"p":"43008.48000000","q":"0.00252000","b":23816926672,"a":23816927855,"T":1702970689030,"m":true,"M":true}
{"e":"trade","E":1702970689040,"s":"BTCUSDT","t":3327794158,"p":"43008.48000000","q":"0.00248000","b":23816926672,"a":23816927859,"T":1702970689031,"m":true,"M":true}
{"e":"trade","E":1702970689040,"s":"BTCUSDT","t":3327794159,"p":"43008.48000000","q":"0.00139000","b":23816926672,"a":23816927860,"T":1702970689031,"m":true,"M":true}
{"e":"trade","E":1702970689040,"s":"BTCUSDT","t":3327794160,"p":"43008.48000000","q":"0.00119000","b":23816926672,"a":23816927861,"T":1702970689031,"m":true,"M":true}
{"e":"trade","E":1702970689040,"s":"BTCUSDT","t":3327794161,"p":"43008.48000000","q":"0.00116000","b":23816926672,"a":23816927862,"T":1702970689031,"m":true,"M":true}
{"e":"trade","E":1702970689040,"s":"BTCUSDT","t":3327794162,"p":"43008.48000000","q":"0.00123000","b":23816926672,"a":23816927863,"T":1702970689031,"m":true,"M":true}
{"e":"trade","E":1702970689040,"s":"BTCUSDT","t":3327794163,"p":"43008.48000000","q":"0.00128000","b":23816926672,"a":23816927864,"T":1702970689031,"m":true,"M":true}
{"e":"trade","E":1702970689040,"s":"BTCUSDT","t":3327794164,"p":"43008.48000000","q":"0.00128000","b":23816926672,"a":23816927866,"T":1702970689031,"m":true,"M":true}
{"e":"trade","E":1702970689040,"s":"BTCUSDT","t":3327794165,"p":"43008.48000000","q":"0.00123000","b":23816926672,"a":23816927867,"T":1702970689031,"m":true,"M":true}
{"e":"trade","E":1702970689040,"s":"BTCUSDT","t":3327794166,"p":"43008.48000000","q":"0.00119000","b":23816926672,"a":23816927869,"T":1702970689031,"m":true,"M":true}
{"e":"trade","E":1702970689041,"s":"BTCUSDT","t":3327794167,"p":"43008.48000000","q":"0.00132000","b":23816926672,"a":23816927870,"T":1702970689032,"m":true,"M":true}
{"e":"trade","E":1702970689041,"s":"BTCUSDT","t":3327794168,"p":"43008.48000000","q":"0.00126000","b":23816926672,"a":23816927872,"T":1702970689032,"m":true,"M":true}
{"e":"trade","E":1702970689041,"s":"BTCUSDT","t":3327794169,"p":"43008.48000000","q":"0.00121000","b":23816926672,"a":23816927873,"T":1702970689032,"m":true,"M":true}
{"e":"trade","E":1702970689041,"s":"BTCUSDT","t":3327794170,"p":"43008.48000000","q":"0.00113000","b":23816926672,"a":23816927874,"T":1702970689032,"m":true,"M":true}
{"e":"trade","E":1702970689041,"s":"BTCUSDT","t":3327794171,"p":"43008.48000000","q":"0.00121000","b":23816926672,"a":23816927875,"T":1702970689032,"m":true,"M":true}
{"e":"trade","E":1702970689041,"s":"BTCUSDT","t":3327794172,"p":"43008.48000000","q":"0.00113000","b":23816926672,"a":23816927876,"T":1702970689032,"m":true,"M":true}
{"e":"trade","E":1702970689042,"s":"BTCUSDT","t":3327794173,"p":"43008.48000000","q":"0.00135000","b":23816926672,"a":23816927881,"T":1702970689032,"m":true,"M":true}
{"e":"trade","E":1702970689042,"s":"BTCUSDT","t":3327794174,"p":"43008.48000000","q":"0.00123000","b":23816926672,"a":23816927882,"T":1702970689032,"m":true,"M":true}
{"e":"trade","E":1702970689043,"s":"BTCUSDT","t":3327794175,"p":"43008.48000000","q":"0.00118000","b":23816926672,"a":23816927883,"T":1702970689032,"m":true,"M":true}
{"e":"trade","E":1702970689043,"s":"BTCUSDT","t":3327794176,"p":"43008.48000000","q":"0.00134000","b":23816926672,"a":23816927884,"T":1702970689032,"m":true,"M":true}
{"e":"trade","E":1702970689043,"s":"BTCUSDT","t":3327794177,"p":"43008.48000000","q":"0.00116000","b":23816926672,"a":23816927885,"T":1702970689032,"m":true,"M":true}
{"e":"trade","E":1702970689043,"s":"BTCUSDT","t":3327794178,"p":"43008.48000000","q":"0.00121000","b":23816926672,"a":23816927887,"T":1702970689033,"m":true,"M":true}
{"e":"trade","E":1702970689043,"s":"BTCUSDT","t":3327794179,"p":"43008.48000000","q":"0.00116000","b":23816926672,"a":23816927888,"T":1702970689033,"m":true,"M":true}
{"e":"trade","E":1702970689044,"s":"BTCUSDT","t":3327794180,"p":"43008.48000000","q":"0.00129000","b":23816926672,"a":23816927889,"T":1702970689033,"m":true,"M":true}
{"e":"trade","E":1702970689044,"s":"BTCUSDT","t":3327794181,"p":"43008.48000000","q":"0.00135000","b":23816926672,"a":23816927890,"T":1702970689033,"m":true,"M":true}
{"e":"trade","E":1702970689044,"s":"BTCUSDT","t":3327794182,"p":"43008.48000000","q":"0.00248000","b":23816926672,"a":23816927891,"T":1702970689033,"m":true,"M":true}
{"e":"trade","E":1702970689044,"s":"BTCUSDT","t":3327794183,"p":"43008.48000000","q":"0.00113000","b":23816926672,"a":23816927892,"T":1702970689033,"m":true,"M":true}
{"e":"trade","E":1702970689044,"s":"BTCUSDT","t":3327794184,"p":"43008.48000000","q":"0.00120000","b":23816926672,"a":23816927897,"T":1702970689033,"m":true,"M":true}
{"e":"trade","E":1702970689045,"s":"BTCUSDT","t":3327794185,"p":"43008.48000000","q":"0.00114000","b":23816926672,"a":23816927899,"T":1702970689033,"m":true,"M":true}
{"e":"trade","E":1702970689045,"s":"BTCUSDT","t":3327794186,"p":"43008.48000000","q":"0.00129000","b":23816926672,"a":23816927900,"T":1702970689033,"m":true,"M":true}
{"e":"trade","E":1702970689045,"s":"BTCUSDT","t":3327794187,"p":"43008.48000000","q":"0.00113000","b":23816926672,"a":23816927901,"T":1702970689034,"m":true,"M":true}
{"e":"trade","E":1702970689045,"s":"BTCUSDT","t":3327794188,"p":"43008.48000000","q":"0.00113000","b":23816926672,"a":23816927902,"T":1702970689034,"m":true,"M":true}
{"e":"trade","E":1702970689045,"s":"BTCUSDT","t":3327794189,"p":"43008.48000000","q":"0.00143000","b":23816926672,"a":23816927903,"T":1702970689034,"m":true,"M":true}
{"e":"trade","E":1702970689045,"s":"BTCUSDT","t":3327794190,"p":"43008.48000000","q":"0.00133000","b":23816926672,"a":23816927904,"T":1702970689034,"m":true,"M":true}
{"e":"trade","E":1702970689045,"s":"BTCUSDT","t":3327794191,"p":"43008.48000000","q":"0.02787000","b":23816926672,"a":23816927905,"T":1702970689034,"m":true,"M":true}
{"e":"trade","E":1702970689045,"s":"BTCUSDT","t":3327794192,"p":"43008.48000000","q":"0.00140000","b":23816926672,"a":23816927907,"T":1702970689034,"m":true,"M":true}
{"e":"trade","E":1702970689046,"s":"BTCUSDT","t":3327794193,"p":"43008.48000000","q":"0.00136000","b":23816926672,"a":23816927910,"T":1702970689036,"m":true,"M":true}
{"e":"trade","E":1702970689047,"s":"BTCUSDT","t":3327794194,"p":"43008.48000000","q":"0.00140000","b":23816926672,"a":23816927912,"T":1702970689037,"m":true,"M":true}
{"e":"trade","E":1702970689047,"s":"BTCUSDT","t":3327794195,"p":"43008.48000000","q":"0.02821000","b":23816926672,"a":23816927913,"T":1702970689037,"m":true,"M":true}
{"e":"trade","E":1702970689047,"s":"BTCUSDT","t":3327794196,"p":"43008.48000000","q":"0.00113000","b":23816926672,"a":23816927914,"T":1702970689037,"m":true,"M":true}
{"e":"trade","E":1702970689047,"s":"BTCUSDT","t":3327794197,"p":"43008.48000000","q":"0.00115000","b":23816926672,"a":23816927916,"T":1702970689037,"m":true,"M":true}
{"e":"trade","E":1702970689047,"s":"BTCUSDT","t":3327794198,"p":"43008.48000000","q":"0.61629000","b":23816926672,"a":23816927917,"T":1702970689037,"m":true,"M":true}
{"e":"trade","E":1702970689048,"s":"BTCUSDT","t":3327794199,"p":"43008.48000000","q":"0.00139000","b":23816926672,"a":23816927920,"T":1702970689038,"m":true,"M":true}
{"e":"trade","E":1702970689048,"s":"BTCUSDT","t":3327794200,"p":"43008.48000000","q":"0.00116000","b":23816926672,"a":23816927924,"T":1702970689039,"m":true,"M":true}
{"e":"trade","E":1702970689049,"s":"BTCUSDT","t":3327794201,"p":"43008.48000000","q":"0.00127000","b":23816926672,"a":23816927933,"T":1702970689041,"m":true,"M":true}
{"e":"trade","E":1702970689052,"s":"BTCUSDT","t":3327794202,"p":"43008.48000000","q":"0.00119000","b":23816926672,"a":23816927944,"T":1702970689045,"m":true,"M":true}
{"e":"trade","E":1702970689052,"s":"BTCUSDT","t":3327794203,"p":"43008.48000000","q":"0.00137000","b":23816926672,"a":23816927946,"T":1702970689045,"m":true,"M":true}
{"e":"trade","E":1702970689057,"s":"BTCUSDT","t":3327794204,"p":"43008.48000000","q":"0.00211000","b":23816926672,"a":23816927947,"T":1702970689046,"m":true,"M":true}
{"e":"trade","E":1702970689057,"s":"BTCUSDT","t":3327794205,"p":"43008.48000000","q":"0.00137000","b":23816926672,"a":23816927948,"T":1702970689046,"m":true,"M":true}
{"e":"trade","E":1702970689058,"s":"BTCUSDT","t":3327794206,"p":"43008.48000000","q":"0.00285000","b":23816926672,"a":23816927950,"T":1702970689047,"m":true,"M":true}
{"e":"trade","E":1702970689058,"s":"BTCUSDT","t":3327794207,"p":"43008.48000000","q":"0.00248000","b":23816926672,"a":23816927951,"T":1702970689047,"m":true,"M":true}
{"e":"trade","E":1702970689058,"s":"BTCUSDT","t":3327794208,"p":"43008.48000000","q":"0.00128000","b":23816926672,"a":23816927952,"T":1702970689047,"m":true,"M":true}
{"e":"trade","E":1702970689058,"s":"BTCUSDT","t":3327794209,"p":"43008.48000000","q":"0.00122000","b":23816926672,"a":23816927954,"T":1702970689048,"m":true,"M":true}
{"e":"trade","E":1702970689058,"s":"BTCUSDT","t":3327794210,"p":"43008.48000000","q":"0.00133000","b":23816926672,"a":23816927955,"T":1702970689048,"m":true,"M":true}
{"e":"trade","E":1702970689059,"s":"BTCUSDT","t":3327794211,"p":"43008.48000000","q":"0.00117000","b":23816926672,"a":23816927956,"T":1702970689049,"m":true,"M":true}
{"e":"trade","E":1702970689059,"s":"BTCUSDT","t":3327794212,"p":"43008.48000000","q":"0.00131000","b":23816926672,"a":23816927957,"T":1702970689049,"m":true,"M":true}
{"e":"trade","E":1702970689059,"s":"BTCUSDT","t":3327794213,"p":"43008.48000000","q":"0.00137000","b":23816926672,"a":23816927958,"T":1702970689049,"m":true,"M":true}
{"e":"trade","E":1702970689059,"s":"BTCUSDT","t":3327794214,"p":"43008.48000000","q":"0.00119000","b":23816926672,"a":23816927959,"T":1702970689049,"m":true,"M":true}
{"e":"trade","E":1702970689059,"s":"BTCUSDT","t":3327794215,"p":"43008.48000000","q":"0.00137000","b":23816926672,"a":23816927960,"T":1702970689049,"m":true,"M":true}
{"e":"trade","E":1702970689059,"s":"BTCUSDT","t":3327794216,"p":"43008.48000000","q":"0.00135000","b":23816926672,"a":23816927961,"T":1702970689049,"m":true,"M":true}
{"e":"trade","E":1702970689059,"s":"BTCUSDT","t":3327794217,"p":"43008.48000000","q":"0.00116000","b":23816926672,"a":23816927962,"T":1702970689049,"m":true,"M":true}
{"e":"trade","E":1702970689059,"s":"BTCUSDT","t":3327794218,"p":"43008.48000000","q":"0.00139000","b":23816926672,"a":23816927963,"T":1702970689049,"m":true,"M":true}
{"e":"trade","E":1702970689059,"s":"BTCUSDT","t":3327794219,"p":"43008.48000000","q":"0.00113000","b":23816926672,"a":23816927964,"T":1702970689049,"m":true,"M":true}
{"e":"trade","E":1702970689060,"s":"BTCUSDT","t":3327794220,"p":"43008.48000000","q":"0.00132000","b":23816926672,"a":23816927965,"T":1702970689049,"m":true,"M":true}
{"e":"trade","E":1702970689060,"s":"BTCUSDT","t":3327794221,"p":"43008.48000000","q":"0.00119000","b":23816926672,"a":23816927966,"T":1702970689049,"m":true,"M":true}
{"e":"trade","E":1702970689060,"s":"BTCUSDT","t":3327794222,"p":"43008.48000000","q":"0.00129000","b":23816926672,"a":23816927967,"T":1702970689049,"m":true,"M":true}
{"e":"trade","E":1702970689060,"s":"BTCUSDT","t":3327794223,"p":"43008.48000000","q":"0.00129000","b":23816926672,"a":23816927968,"T":1702970689049,"m":true,"M":true}
{"e":"trade","E":1702970689060,"s":"BTCUSDT","t":3327794224,"p":"43008.48000000","q":"0.00263000","b":23816926672,"a":23816927969,"T":1702970689049,"m":true,"M":true}
{"e":"trade","E":1702970689060,"s":"BTCUSDT","t":3327794225,"p":"43008.48000000","q":"0.00253000","b":23816926672,"a":23816927970,"T":1702970689049,"m":true,"M":true}
{"e":"trade","E":1702970689061,"s":"BTCUSDT","t":3327794226,"p":"43008.48000000","q":"0.00113000","b":23816926672,"a":23816927971,"T":1702970689050,"m":true,"M":true}
{"e":"trade","E":1702970689061,"s":"BTCUSDT","t":3327794227,"p":"43008.48000000","q":"0.00125000","b":23816926672,"a":23816927972,"T":1702970689050,"m":true,"M":true}
{"e":"trade","E":1702970689061,"s":"BTCUSDT","t":3327794228,"p":"43008.48000000","q":"0.00133000","b":23816926672,"a":23816927973,"T":1702970689050,"m":true,"M":true}
{"e":"trade","E":1702970689061,"s":"BTCUSDT","t":3327794229,"p":"43008.48000000","q":"0.00116000","b":23816926672,"a":23816927974,"T":1702970689051,"m":true,"M":true}
{"e":"trade","E":1702970689062,"s":"BTCUSDT","t":3327794230,"p":"43008.48000000","q":"0.00123000","b":23816926672,"a":23816927976,"T":1702970689051,"m":true,"M":true}
{"e":"trade","E":1702970689062,"s":"BTCUSDT","t":3327794231,"p":"43008.48000000","q":"0.16941000","b":23816926672,"a":23816927978,"T":1702970689052,"m":true,"M":true}
{"e":"trade","E":1702970689064,"s":"BTCUSDT","t":3327794232,"p":"43008.48000000","q":"0.12683000","b":23816926672,"a":23816927985,"T":1702970689053,"m":true,"M":true}
{"e":"trade","E":1702970689066,"s":"BTCUSDT","t":3327794233,"p":"43008.48000000","q":"0.00323000","b":23816926672,"a":23816927989,"T":1702970689056,"m":true,"M":true}
{"e":"trade","E":1702970689066,"s":"BTCUSDT","t":3327794234,"p":"43008.48000000","q":"0.00134000","b":23816926672,"a":23816927990,"T":1702970689056,"m":true,"M":true}
{"e":"trade","E":1702970689070,"s":"BTCUSDT","t":3327794235,"p":"43008.48000000","q":"0.00137000","b":23816926672,"a":23816928012,"T":1702970689062,"m":true,"M":true}
{"e":"trade","E":1702970689079,"s":"BTCUSDT","t":3327794236,"p":"43008.48000000","q":"0.00222000","b":23816926672,"a":23816928017,"T":1702970689078,"m":true,"M":true}
{"e":"trade","E":1702970689098,"s":"BTCUSDT","t":3327794237,"p":"43008.48000000","q":"0.00241000","b":23816926672,"a":23816928030,"T":1702970689098,"m":true,"M":true}
{"e":"trade","E":1702970689101,"s":"BTCUSDT","t":3327794238,"p":"43008.48000000","q":"0.00139000","b":23816926672,"a":23816928031,"T":1702970689100,"m":true,"M":true}
{"e":"trade","E":1702970689102,"s":"BTCUSDT","t":3327794239,"p":"43008.48000000","q":"0.00119000","b":23816926672,"a":23816928032,"T":1702970689101,"m":true,"M":true}
{"e":"trade","E":1702970689102,"s":"BTCUSDT","t":3327794240,"p":"43008.48000000","q":"0.00118000","b":23816926672,"a":23816928033,"T":1702970689101,"m":true,"M":true}
{"e":"trade","E":1702970689102,"s":"BTCUSDT","t":3327794241,"p":"43008.48000000","q":"0.00285000","b":23816926672,"a":23816928034,"T":1702970689101,"m":true,"M":true}
{"e":"trade","E":1702970689102,"s":"BTCUSDT","t":3327794242,"p":"43008.48000000","q":"0.00116000","b":23816926672,"a":23816928035,"T":1702970689101,"m":true,"M":true}
{"e":"trade","E":1702970689102,"s":"BTCUSDT","t":3327794243,"p":"43008.48000000","q":"0.00113000","b":23816926672,"a":23816928036,"T":1702970689101,"m":true,"M":true}
{"e":"trade","E":1702970689102,"s":"BTCUSDT","t":3327794244,"p":"43008.48000000","q":"0.00119000","b":23816926672,"a":23816928037,"T":1702970689101,"m":true,"M":true}
{"e":"trade","E":1702970689102,"s":"BTCUSDT","t":3327794245,"p":"43008.48000000","q":"0.00211000","b":23816926672,"a":23816928038,"T":1702970689101,"m":true,"M":true}
{"e":"trade","E":1702970689102,"s":"BTCUSDT","t":3327794246,"p":"43008.48000000","q":"0.00149000","b":23816926672,"a":23816928039,"T":1702970689101,"m":true,"M":true}
{"e":"trade","E":1702970689102,"s":"BTCUSDT","t":3327794247,"p":"43008.48000000","q":"0.00121000","b":23816926672,"a":23816928040,"T":1702970689101,"m":true,"M":true}
{"e":"trade","E":1702970689102,"s":"BTCUSDT","t":3327794248,"p":"43008.48000000","q":"0.00121000","b":23816926672,"a":23816928041,"T":1702970689101,"m":true,"M":true}
{"e":"trade","E":1702970689102,"s":"BTCUSDT","t":3327794249,"p":"43008.48000000","q":"0.00137000","b":23816926672,"a":23816928042,"T":1702970689101,"m":true,"M":true}
{"e":"trade","E":1702970689102,"s":"BTCUSDT","t":3327794250,"p":"43008.48000000","q":"0.00137000","b":23816926672,"a":23816928043,"T":1702970689101,"m":true,"M":true}
{"e":"trade","E":1702970689103,"s":"BTCUSDT","t":3327794251,"p":"43008.48000000","q":"0.00123000","b":23816926672,"a":23816928044,"T":1702970689101,"m":true,"M":true}
{"e":"trade","E":1702970689103,"s":"BTCUSDT","t":3327794252,"p":"43008.48000000","q":"0.00137000","b":23816926672,"a":23816928045,"T":1702970689101,"m":true,"M":true}
{"e":"trade","E":1702970689103,"s":"BTCUSDT","t":3327794253,"p":"43008.48000000","q":"0.00133000","b":23816926672,"a":23816928046,"T":1702970689102,"m":true,"M":true}
{"e":"trade","E":1702970689103,"s":"BTCUSDT","t":3327794254,"p":"43008.48000000","q":"0.00129000","b":23816926672,"a":23816928047,"T":1702970689102,"m":true,"M":true}
{"e":"trade","E":1702970689103,"s":"BTCUSDT","t":3327794255,"p":"43008.48000000","q":"0.00132000","b":23816926672,"a":23816928048,"T":1702970689102,"m":true,"M":true}
{"e":"trade","E":1702970689103,"s":"BTCUSDT","t":3327794256,"p":"43008.48000000","q":"0.00120000","b":23816926672,"a":23816928049,"T":1702970689102,"m":true,"M":true}
{"e":"trade","E":1702970689105,"s":"BTCUSDT","t":3327794257,"p":"43008.48000000","q":"0.00132000","b":23816926672,"a":23816928050,"T":1702970689104,"m":true,"M":true}
{"e":"trade","E":1702970689109,"s":"BTCUSDT","t":3327794258,"p":"43008.48000000","q":"0.00121000","b":23816926672,"a":23816928053,"T":1702970689108,"m":true,"M":true}
{"e":"trade","E":1702970689109,"s":"BTCUSDT","t":3327794259,"p":"43008.48000000","q":"0.00121000","b":23816926672,"a":23816928056,"T":1702970689109,"m":true,"M":true}
{"e":"trade","E":1702970689112,"s":"BTCUSDT","t":3327794260,"p":"43008.48000000","q":"0.00113000","b":23816926672,"a":23816928059,"T":1702970689111,"m":true,"M":true}
{"e":"trade","E":1702970689112,"s":"BTCUSDT","t":3327794261,"p":"43008.48000000","q":"0.00248000","b":23816926672,"a":23816928060,"T":1702970689111,"m":true,"M":true}
{"e":"trade","E":1702970689113,"s":"BTCUSDT","t":3327794262,"p":"43008.48000000","q":"0.00131000","b":23816926672,"a":23816928061,"T":1702970689112,"m":true,"M":true}
{"e":"trade","E":1702970689113,"s":"BTCUSDT","t":3327794263,"p":"43008.48000000","q":"0.00248000","b":23816926672,"a":23816928062,"T":1702970689112,"m":true,"M":true}
{"e":"trade","E":1702970689113,"s":"BTCUSDT","t":3327794264,"p":"43008.48000000","q":"0.00121000","b":23816926672,"a":23816928063,"T":1702970689112,"m":true,"M":true}
{"e":"trade","E":1702970689113,"s":"BTCUSDT","t":3327794265,"p":"43008.48000000","q":"0.00137000","b":23816926672,"a":23816928064,"T":1702970689112,"m":true,"M":true}
{"e":"trade","E":1702970689113,"s":"BTCUSDT","t":3327794266,"p":"43008.48000000","q":"0.00253000","b":23816926672,"a":23816928065,"T":1702970689113,"m":true,"M":true}
{"e":"trade","E":1702970689114,"s":"BTCUSDT","t":3327794267,"p":"43008.48000000","q":"0.00133000","b":23816926672,"a":23816928066,"T":1702970689113,"m":true,"M":true}
{"e":"trade","E":1702970689114,"s":"BTCUSDT","t":3327794268,"p":"43008.48000000","q":"0.00123000","b":23816926672,"a":23816928067,"T":1702970689113,"m":true,"M":true}
{"e":"trade","E":1702970689114,"s":"BTCUSDT","t":3327794269,"p":"43008.48000000","q":"0.00285000","b":23816926672,"a":23816928068,"T":1702970689113,"m":true,"M":true}
{"e":"trade","E":1702970689114,"s":"BTCUSDT","t":3327794270,"p":"43008.48000000","q":"0.00113000","b":23816926672,"a":23816928069,"T":1702970689113,"m":true,"M":true}
{"e":"trade","E":1702970689114,"s":"BTCUSDT","t":3327794271,"p":"43008.48000000","q":"0.00113000","b":23816926672,"a":23816928070,"T":1702970689113,"m":true,"M":true}
{"e":"trade","E":1702970689114,"s":"BTCUSDT","t":3327794272,"p":"43008.48000000","q":"0.00211000","b":23816926672,"a":23816928071,"T":1702970689113,"m":true,"M":true}
{"e":"trade","E":1702970689114,"s":"BTCUSDT","t":3327794273,"p":"43008.48000000","q":"0.00120000","b":23816926672,"a":23816928072,"T":1702970689114,"m":true,"M":true}
{"e":"trade","E":1702970689114,"s":"BTCUSDT","t":3327794274,"p":"43008.48000000","q":"0.00116000","b":23816926672,"a":23816928073,"T":1702970689114,"m":true,"M":true}
{"e":"trade","E":1702970689115,"s":"BTCUSDT","t":3327794275,"p":"43008.48000000","q":"0.00123000","b":23816926672,"a":23816928075,"T":1702970689114,"m":true,"M":true}
{"e":"trade","E":1702970689115,"s":"BTCUSDT","t":3327794276,"p":"43008.48000000","q":"0.00132000","b":23816926672,"a":23816928076,"T":1702970689114,"m":true,"M":true}
{"e":"trade","E":1702970689115,"s":"BTCUSDT","t":3327794277,"p":"43008.48000000","q":"0.00118000","b":23816926672,"a":23816928077,"T":1702970689114,"m":true,"M":true}
{"e":"trade","E":1702970689115,"s":"BTCUSDT","t":3327794278,"p":"43008.48000000","q":"0.00139000","b":23816926672,"a":23816928078,"T":1702970689114,"m":true,"M":true}
{"e":"trade","E":1702970689115,"s":"BTCUSDT","t":3327794279,"p":"43008.48000000","q":"0.00136000","b":23816926672,"a":23816928079,"T":1702970689115,"m":true,"M":true}
{"e":"trade","E":1702970689115,"s":"BTCUSDT","t":3327794280,"p":"43008.48000000","q":"0.00129000","b":23816926672,"a":23816928080,"T":1702970689115,"m":true,"M":true}
{"e":"trade","E":1702970689115,"s":"BTCUSDT","t":3327794281,"p":"43008.48000000","q":"0.00119000","b":23816926672,"a":23816928081,"T":1702970689115,"m":true,"M":true}
{"e":"trade","E":1702970689115,"s":"BTCUSDT","t":3327794282,"p":"43008.48000000","q":"0.00128000","b":23816926672,"a":23816928082,"T":1702970689115,"m":true,"M":true}
{"e":"trade","E":1702970689116,"s":"BTCUSDT","t":3327794283,"p":"43008.48000000","q":"0.00140000","b":23816926672,"a":23816928083,"T":1702970689115,"m":true,"M":true}
{"e":"trade","E":1702970689116,"s":"BTCUSDT","t":3327794284,"p":"43008.48000000","q":"0.00133000","b":23816926672,"a":23816928084,"T":1702970689115,"m":true,"M":true}
{"e":"trade","E":1702970689117,"s":"BTCUSDT","t":3327794285,"p":"43008.48000000","q":"0.00129000","b":23816926672,"a":23816928086,"T":1702970689117,"m":true,"M":true}
{"e":"trade","E":1702970689118,"s":"BTCUSDT","t":3327794286,"p":"43008.48000000","q":"0.00132000","b":23816926672,"a":23816928087,"T":1702970689117,"m":true,"M":true}
{"e":"trade","E":1702970689118,"s":"BTCUSDT","t":3327794287,"p":"43008.48000000","q":"0.00137000","b":23816926672,"a":23816928089,"T":1702970689118,"m":true,"M":true}
{"e":"trade","E":1702970689119,"s":"BTCUSDT","t":3327794288,"p":"43008.48000000","q":"0.00135000","b":23816926672,"a":23816928090,"T":1702970689119,"m":true,"M":true}
{"e":"trade","E":1702970689120,"s":"BTCUSDT","t":3327794289,"p":"43008.48000000","q":"0.00128000","b":23816926672,"a":23816928091,"T":1702970689119,"m":true,"M":true}
{"e":"trade","E":1702970689120,"s":"BTCUSDT","t":3327794290,"p":"43008.48000000","q":"0.00248000","b":23816926672,"a":23816928092,"T":1702970689120,"m":true,"M":true}
{"e":"trade","E":1702970689120,"s":"BTCUSDT","t":3327794291,"p":"43008.48000000","q":"0.00248000","b":23816926672,"a":23816928093,"T":1702970689120,"m":true,"M":true}
{"e":"trade","E":1702970689121,"s":"BTCUSDT","t":3327794292,"p":"43008.48000000","q":"0.00263000","b":23816926672,"a":23816928094,"T":1702970689120,"m":true,"M":true}
{"e":"trade","E":1702970689121,"s":"BTCUSDT","t":3327794293,"p":"43008.48000000","q":"0.00118000","b":23816926672,"a":23816928095,"T":1702970689120,"m":true,"M":true}
{"e":"trade","E":1702970689122,"s":"BTCUSDT","t":3327794294,"p":"43008.48000000","q":"0.00119000","b":23816926672,"a":23816928097,"T":1702970689121,"m":true,"M":true}
{"e":"trade","E":1702970689122,"s":"BTCUSDT","t":3327794295,"p":"43008.48000000","q":"0.00285000","b":23816926672,"a":23816928098,"T":1702970689121,"m":true,"M":true}
{"e":"trade","E":1702970689122,"s":"BTCUSDT","t":3327794296,"p":"43008.48000000","q":"0.00248000","b":23816926672,"a":23816928100,"T":1702970689122,"m":true,"M":true}
{"e":"trade","E":1702970689123,"s":"BTCUSDT","t":3327794297,"p":"43008.48000000","q":"0.00253000","b":23816926672,"a":23816928101,"T":1702970689122,"m":true,"M":true}
{"e":"trade","E":1702970689123,"s":"BTCUSDT","t":3327794298,"p":"43008.48000000","q":"0.00116000","b":23816926672,"a":23816928103,"T":1702970689123,"m":true,"M":true}
{"e":"trade","E":1702970689123,"s":"BTCUSDT","t":3327794299,"p":"43008.48000000","q":"0.00211000","b":23816926672,"a":23816928104,"T":1702970689123,"m":true,"M":true}
{"e":"trade","E":1702970689125,"s":"BTCUSDT","t":3327794300,"p":"43008.48000000","q":"0.00123000","b":23816926672,"a":23816928106,"T":1702970689124,"m":true,"M":true}
{"e":"trade","E":1702970689126,"s":"BTCUSDT","t":3327794301,"p":"43008.48000000","q":"0.00241000","b":23816926672,"a":23816928108,"T":1702970689126,"m":true,"M":true}
{"e":"trade","E":1702970689126,"s":"BTCUSDT","t":3327794302,"p":"43008.48000000","q":"0.00128000","b":23816926672,"a":23816928109,"T":1702970689126,"m":true,"M":true}
{"e":"trade","E":1702970689129,"s":"BTCUSDT","t":3327794303,"p":"43008.48000000","q":"0.00134000","b":23816926672,"a":23816928110,"T":1702970689128,"m":true,"M":true}
{"e":"trade","E":1702970689130,"s":"BTCUSDT","t":3327794304,"p":"43008.48000000","q":"0.00285000","b":23816926672,"a":23816928111,"T":1702970689130,"m":true,"M":true}
{"e":"trade","E":1702970689131,"s":"BTCUSDT","t":3327794305,"p":"43008.48000000","q":"0.00248000","b":23816926672,"a":23816928112,"T":1702970689130,"m":true,"M":true}
{"e":"trade","E":1702970689132,"s":"BTCUSDT","t":3327794306,"p":"43008.48000000","q":"0.00211000","b":23816926672,"a":23816928114,"T":1702970689131,"m":true,"M":true}
{"e":"trade","E":1702970689133,"s":"BTCUSDT","t":3327794307,"p":"43008.48000000","q":"0.00253000","b":23816926672,"a":23816928116,"T":1702970689132,"m":true,"M":true}
{"e":"trade","E":1702970689135,"s":"BTCUSDT","t":3327794308,"p":"43008.48000000","q":"0.00241000","b":23816926672,"a":23816928118,"T":1702970689135,"m":true,"M":true}
{"e":"trade","E":1702970689135,"s":"BTCUSDT","t":3327794309,"p":"43008.48000000","q":"0.00263000","b":23816926672,"a":23816928119,"T":1702970689135,"m":true,"M":true}
{"e":"trade","E":1702970689135,"s":"BTCUSDT","t":3327794310,"p":"43008.48000000","q":"0.00128000","b":23816926672,"a":23816928120,"T":1702970689135,"m":true,"M":true}
{"e":"trade","E":1702970689138,"s":"BTCUSDT","t":3327794311,"p":"43008.48000000","q":"0.00248000","b":23816926672,"a":23816928122,"T":1702970689138,"m":true,"M":true}
{"e":"trade","E":1702970689139,"s":"BTCUSDT","t":3327794312,"p":"43008.48000000","q":"0.00211000","b":23816926672,"a":23816928123,"T":1702970689138,"m":true,"M":true}
{"e":"trade","E":1702970689140,"s":"BTCUSDT","t":3327794313,"p":"43008.48000000","q":"0.00285000","b":23816926672,"a":23816928125,"T":1702970689139,"m":true,"M":true}
{"e":"trade","E":1702970689144,"s":"BTCUSDT","t":3327794314,"p":"43008.48000000","q":"0.00248000","b":23816926672,"a":23816928126,"T":1702970689143,"m":true,"M":true}
{"e":"trade","E":1702970689144,"s":"BTCUSDT","t":3327794315,"p":"43008.48000000","q":"0.00241000","b":23816926672,"a":23816928127,"T":1702970689143,"m":true,"M":true}
{"e":"trade","E":1702970689175,"s":"BTCUSDT","t":3327794316,"p":"43008.48000000","q":"0.00263000","b":23816926672,"a":23816928148,"T":1702970689175,"m":true,"M":true}
{"e":"trade","E":1702970689176,"s":"BTCUSDT","t":3327794317,"p":"43008.48000000","q":"0.00248000","b":23816926672,"a":23816928150,"T":1702970689175,"m":true,"M":true}
{"e":"trade","E":1702970689177,"s":"BTCUSDT","t":3327794318,"p":"43008.48000000","q":"0.00253000","b":23816926672,"a":23816928151,"T":1702970689176,"m":true,"M":true}
{"e":"trade","E":1702970689177,"s":"BTCUSDT","t":3327794319,"p":"43008.48000000","q":"0.00285000","b":23816926672,"a":23816928153,"T":1702970689176,"m":true,"M":true}
{"e":"trade","E":1702970689177,"s":"BTCUSDT","t":3327794320,"p":"43008.48000000","q":"0.00241000","b":23816926672,"a":23816928154,"T":1702970689176,"m":true,"M":true}
{"e":"trade","E":1702970689178,"s":"BTCUSDT","t":3327794321,"p":"43008.48000000","q":"0.00248000","b":23816926672,"a":23816928155,"T":1702970689177,"m":true,"M":true}
{"e":"trade","E":1702970689178,"s":"BTCUSDT","t":3327794322,"p":"43008.48000000","q":"0.00248000","b":23816926672,"a":23816928156,"T":1702970689178,"m":true,"M":true}
{"e":"trade","E":1702970689179,"s":"BTCUSDT","t":3327794323,"p":"43008.48000000","q":"0.00211000","b":23816926672,"a":23816928157,"T":1702970689178,"m":true,"M":true}
{"e":"trade","E":1702970689181,"s":"BTCUSDT","t":3327794324,"p":"43008.48000000","q":"0.00116000","b":23816926672,"a":23816928160,"T":1702970689181,"m":true,"M":true}
{"e":"trade","E":1702970689183,"s":"BTCUSDT","t":3327794325,"p":"43008.48000000","q":"0.00241000","b":23816926672,"a":23816928163,"T":1702970689182,"m":true,"M":true}
{"e":"trade","E":1702970689183,"s":"BTCUSDT","t":3327794326,"p":"43008.48000000","q":"0.00248000","b":23816926672,"a":23816928164,"T":1702970689182,"m":true,"M":true}
{"e":"trade","E":1702970689184,"s":"BTCUSDT","t":3327794327,"p":"43008.48000000","q":"0.00263000","b":23816926672,"a":23816928165,"T":1702970689183,"m":true,"M":true}
{"e":"trade","E":1702970689184,"s":"BTCUSDT","t":3327794328,"p":"43008.48000000","q":"0.00253000","b":23816926672,"a":23816928166,"T":1702970689183,"m":true,"M":true}
{"e":"trade","E":1702970689184,"s":"BTCUSDT","t":3327794329,"p":"43008.48000000","q":"0.00285000","b":23816926672,"a":23816928167,"T":1702970689183,"m":true,"M":true}
{"e":"trade","E":1702970689185,"s":"BTCUSDT","t":3327794330,"p":"43008.48000000","q":"0.00248000","b":23816926672,"a":23816928168,"T":1702970689184,"m":true,"M":true}
{"e":"trade","E":1702970689185,"s":"BTCUSDT","t":3327794331,"p":"43008.48000000","q":"0.09753000","b":23816926672,"a":23816928169,"T":1702970689184,"m":true,"M":true}
{"e":"trade","E":1702970689186,"s":"BTCUSDT","t":3327794332,"p":"43008.48000000","q":"0.00211000","b":23816926672,"a":23816928171,"T":1702970689186,"m":true,"M":true}
{"e":"trade","E":1702970689189,"s":"BTCUSDT","t":3327794333,"p":"43008.48000000","q":"0.00248000","b":23816926672,"a":23816928174,"T":1702970689188,"m":true,"M":true}
{"e":"trade","E":1702970689190,"s":"BTCUSDT","t":3327794334,"p":"43008.48000000","q":"0.00241000","b":23816926672,"a":23816928175,"T":1702970689189,"m":true,"M":true}
{"e":"trade","E":1702970689191,"s":"BTCUSDT","t":3327794335,"p":"43008.48000000","q":"0.00285000","b":23816926672,"a":23816928176,"T":1702970689190,"m":true,"M":true}
{"e":"trade","E":1702970689191,"s":"BTCUSDT","t":3327794336,"p":"43008.48000000","q":"0.00248000","b":23816926672,"a":23816928177,"T":1702970689190,"m":true,"M":true}
{"e":"trade","E":1702970689194,"s":"BTCUSDT","t":3327794337,"p":"43008.48000000","q":"0.00248000","b":23816926672,"a":23816928179,"T":1702970689193,"m":true,"M":true}
{"e":"trade","E":1702970689194,"s":"BTCUSDT","t":3327794338,"p":"43008.48000000","q":"0.00253000","b":23816926672,"a":23816928180,"T":1702970689193,"m":true,"M":true}
{"e":"trade","E":1702970689196,"s":"BTCUSDT","t":3327794339,"p":"43008.48000000","q":"0.00211000","b":23816926672,"a":23816928181,"T":1702970689195,"m":true,"M":true}
{"e":"trade","E":1702970689196,"s":"BTCUSDT","t":3327794340,"p":"43008.48000000","q":"0.00263000","b":23816926672,"a":23816928183,"T":1702970689195,"m":true,"M":true}
{"e":"trade","E":1702970689197,"s":"BTCUSDT","t":3327794341,"p":"43008.48000000","q":"0.02755000","b":23816926672,"a":23816928184,"T":1702970689196,"m":true,"M":true}
{"e":"trade","E":1702970689215,"s":"BTCUSDT","t":3327794342,"p":"43008.48000000","q":"0.00248000","b":23816926672,"a":23816928187,"T":1702970689214,"m":true,"M":true}
{"e":"trade","E":1702970689215,"s":"BTCUSDT","t":3327794343,"p":"43008.48000000","q":"0.00211000","b":23816926672,"a":23816928188,"T":1702970689215,"m":true,"M":true}
{"e":"trade","E":1702970689215,"s":"BTCUSDT","t":3327794344,"p":"43008.48000000","q":"0.00253000","b":23816926672,"a":23816928189,"T":1702970689215,"m":true,"M":true}
{"e":"trade","E":1702970689216,"s":"BTCUSDT","t":3327794345,"p":"43008.48000000","q":"0.00285000","b":23816926672,"a":23816928190,"T":1702970689215,"m":true,"M":true}
{"e":"trade","E":1702970689216,"s":"BTCUSDT","t":3327794346,"p":"43008.48000000","q":"0.00241000","b":23816926672,"a":23816928191,"T":1702970689215,"m":true,"M":true}
{"e":"trade","E":1702970689216,"s":"BTCUSDT","t":3327794347,"p":"43008.48000000","q":"0.00248000","b":23816926672,"a":23816928192,"T":1702970689215,"m":true,"M":true}
{"e":"trade","E":1702970689216,"s":"BTCUSDT","t":3327794348,"p":"43008.48000000","q":"0.00248000","b":23816926672,"a":23816928193,"T":1702970689215,"m":true,"M":true}
{"e":"trade","E":1702970689218,"s":"BTCUSDT","t":3327794349,"p":"43008.48000000","q":"0.00263000","b":23816926672,"a":23816928194,"T":1702970689218,"m":true,"M":true}
{"e":"trade","E":1702970689257,"s":"BTCUSDT","t":3327794350,"p":"43008.48000000","q":"0.00211000","b":23816926672,"a":23816928214,"T":1702970689256,"m":true,"M":true}
{"e":"trade","E":1702970689257,"s":"BTCUSDT","t":3327794351,"p":"43008.48000000","q":"0.00248000","b":23816926672,"a":23816928215,"T":1702970689256,"m":true,"M":true}
{"e":"trade","E":1702970689257,"s":"BTCUSDT","t":3327794352,"p":"43008.48000000","q":"0.00285000","b":23816926672,"a":23816928217,"T":1702970689256,"m":true,"M":true}
{"e":"trade","E":1702970689258,"s":"BTCUSDT","t":3327794353,"p":"43008.48000000","q":"0.00248000","b":23816926672,"a":23816928218,"T":1702970689257,"m":true,"M":true}
{"e":"trade","E":1702970689258,"s":"BTCUSDT","t":3327794354,"p":"43008.48000000","q":"0.00263000","b":23816926672,"a":23816928219,"T":1702970689257,"m":true,"M":true}
{"e":"trade","E":1702970689258,"s":"BTCUSDT","t":3327794355,"p":"43008.48000000","q":"0.00253000","b":23816926672,"a":23816928220,"T":1702970689257,"m":true,"M":true}
{"e":"trade","E":1702970689258,"s":"BTCUSDT","t":3327794356,"p":"43008.48000000","q":"0.00241000","b":23816926672,"a":23816928221,"T":1702970689258,"m":true,"M":true}
{"e":"trade","E":1702970689259,"s":"BTCUSDT","t":3327794357,"p":"43008.48000000","q":"0.00248000","b":23816926672,"a":23816928222,"T":1702970689258,"m":true,"M":true}
{"e":"trade","E":1702970689413,"s":"BTCUSDT","t":3327794358,"p":"43008.48000000","q":"0.00260000","b":23816926672,"a":23816928248,"T":1702970689413,"m":true,"M":true}
{"e":"trade","E":1702970689537,"s":"BTCUSDT","t":3327794359,"p":"43008.48000000","q":"0.00015000","b":23816926672,"a":23816928254,"T":1702970689536,"m":true,"M":true}
{"e":"trade","E":1702970689540,"s":"BTCUSDT","t":3327794360,"p":"43008.48000000","q":"0.00015000","b":23816926672,"a":23816928255,"T":1702970689539,"m":true,"M":true}
{"e":"trade","E":1702970689545,"s":"BTCUSDT","t":3327794361,"p":"43008.48000000","q":"0.00015000","b":23816926672,"a":23816928256,"T":1702970689544,"m":true,"M":true}
{"e":"trade","E":1702970689554,"s":"BTCUSDT","t":3327794362,"p":"43008.48000000","q":"0.00015000","b":23816926672,"a":23816928258,"T":1702970689553,"m":true,"M":true}
{"e":"trade","E":1702970689602,"s":"BTCUSDT","t":3327794363,"p":"43008.48000000","q":"0.00140000","b":23816926672,"a":23816928262,"T":1702970689601,"m":true,"M":true}
{"e":"trade","E":1702970689690,"s":"BTCUSDT","t":3327794364,"p":"43008.48000000","q":"0.00293000","b":23816926672,"a":23816928268,"T":1702970689690,"m":true,"M":true}
{"e":"trade","E":1702970689713,"s":"BTCUSDT","t":3327794365,"p":"43008.48000000","q":"0.00049000","b":23816926672,"a":23816928269,"T":1702970689712,"m":true,"M":true}
{"e":"trade","E":1702970689714,"s":"BTCUSDT","t":3327794366,"p":"43008.48000000","q":"0.00040000","b":23816926672,"a":23816928270,"T":1702970689713,"m":true,"M":true}
{"e":"trade","E":1702970690332,"s":"BTCUSDT","t":3327794368,"p":"43008.48000000","q":"0.00241000","b":23816926672,"a":23816928303,"T":1702970690331,"m":true,"M":true}
{"e":"trade","E":1702970690332,"s":"BTCUSDT","t":3327794369,"p":"43008.48000000","q":"0.00235000","b":23816926672,"a":23816928304,"T":1702970690331,"m":true,"M":true}
{"e":"trade","E":1702970690332,"s":"BTCUSDT","t":3327794370,"p":"43008.48000000","q":"0.00248000","b":23816926672,"a":23816928305,"T":1702970690331,"m":true,"M":true}
{"e":"trade","E":1702970690332,"s":"BTCUSDT","t":3327794371,"p":"43008.48000000","q":"0.00241000","b":23816926672,"a":23816928306,"T":1702970690331,"m":true,"M":true}
{"e":"trade","E":1702970690333,"s":"BTCUSDT","t":3327794372,"p":"43008.48000000","q":"0.00258000","b":23816926672,"a":23816928307,"T":1702970690332,"m":true,"M":true}
{"e":"trade","E":1702970690333,"s":"BTCUSDT","t":3327794373,"p":"43008.48000000","q":"0.00211000","b":23816926672,"a":23816928308,"T":1702970690332,"m":true,"M":true}
{"e":"trade","E":1702970690333,"s":"BTCUSDT","t":3327794374,"p":"43008.48000000","q":"0.00285000","b":23816926672,"a":23816928309,"T":1702970690332,"m":true,"M":true}
{"e":"trade","E":1702970690333,"s":"BTCUSDT","t":3327794375,"p":"43008.48000000","q":"0.00248000","b":23816926672,"a":23816928310,"T":1702970690332,"m":true,"M":true}
{"e":"trade","E":1702970690333,"s":"BTCUSDT","t":3327794376,"p":"43008.48000000","q":"0.00252000","b":23816926672,"a":23816928311,"T":1702970690332,"m":true,"M":true}
{"e":"trade","E":1702970690333,"s":"BTCUSDT","t":3327794377,"p":"43008.48000000","q":"0.00253000","b":23816926672,"a":23816928312,"T":1702970690332,"m":true,"M":true}
